3618 4918
644 737 2522 238 J'ai l'honneur au nom du Gouvernement

393 950 2999 345 de la République de <> demander à l'Assemblée Nationale

381 1237 2474 279 de voter l'abolition de la peine de mort en France.

824 1405 2576 332 Je mesure pour notre Justice l'importance historique

385 1565 3027 422 de ce vote. A dire vrai, j'aurais aimé ne pas avoir à vous soumettre

365 1766 2883 418 ce texte. Parce que la France est <> au dela des armes, mère des

369 1893 3039 520 arts et des lois, elle devrait toujours être à l'avant garde des libertés

385 2266 1625 324 et de la générosité humaine. <>

886 2282 2383 410 Elle l'a été souvent dans son histoire : son influence

369 2434 2994 484 aujourd'hui encore dépasse sa puissance, c'est parceque la France est

373 2618 2986 459 <> toujours reputable des libertés. Si tant de jeunes femmes

319 2754 3015 528 et de jeunes gens croient en la France, regardent vers la France

1050 2926 582 160 dans le monde

295 2954 3089 541 et souvent se reconnaissent en elle, c'est parce qu'à des moments

287 3200 3031 492 privilégiés de son histoire, la France est comme le phare qui

270 3385 3073 479 éclaire la nuit, qui <> montre la voie dans les ténêbres

254 3586 3052 487 à l'humanités incertaine. Oui, la France est grande quand

274 3774 3065 516 elle est généreuse. Oui, la France est elle-même quand
