3588 4913
221 163 2842 291 elle ne brade pas son humanité, sa <> <>

483 298 2924 295 <> <> au non d'une peur millénaire, parfois

462 495 2806 282 hélas savamment entretenue. Oui, la France est

475 696 2547 311 la France quand ses représentants, les

430 884 2875 352 hommes de la liberté, proclament la Déclaration

364 1089 2822 397 des droits du citoyen. Oui la France est la

364 1396 2695 335 France quand elle abolit, la première en

368 1563 3019 418 Europe, l'esclavage, ce crime contre l'humanité

286 1940 287 160 <>

1052 1817 1512 221 qui n'a pas encore disparu

286 1887 3125 364 Oui la France est elle-même quand elle supprimes

270 2096 3010 389 la première en Europe continentale, la torture <>,

1769 2333 672 189 l'Homme

335 2333 2925 320 <> ce crime contre <> qui n'a pas

323 2558 2961 348 encore disparu. Oui la France est elle-même

299 2767 3006 430 quand demain elle abolira la peine de mort

610 3070 1134 209 <> <> <>

2695 2992 462 213 <>

294 3095 2585 311 <> <> <> <><> <>

2441 3181 843 176 <> <> <>

421 3279 1471 364 <> <> <> <>

753 3344 1438 254 <><> <>

409 3651 619 99 <> <>

888 3480 1680 257 <> <> <> <> <>

2858 3553 553 287 d'une autre âge.

536 3615 2470 319 cette survivance sanglante d'une justice <>

1040 3901 1700 295 <> <> <> <> <> <>

929 4049 2273 229 Il est temps -je disais tout à l'heure que

389 4229 2785 241 j'aurais souhaité n'être point à cette tribune pour

442 4405 2769 278 vous demander ce vote. <> C'est parce que

3317 114 172 213 2
