3591 4913
184 163 2932 238 et moi-même à cette grande <> mesure. Laissez-moi

188 323 2882 295 vous en remercier. <> <> Plus qu'aucun autre

188 495 2882 368 dans les dernières années ; <> <> le sort a fait que j'ai

221 753 2817 344 mené dans les prétoires où se jouaient la vie d'un homme

1944 876 1331 266 mais il ne pouvait aboutir que

196 1015 2793 307 le combat contre la peine de mort. Demain, il sera clos

188 1170 2862 385 avec votre volonté. Demain, grâce à vous, la <>

2620 1297 532 168 <> Justice

180 1502 442 86 <>

188 1649 667 217 <> <> <>

2014 1580 418 160 qui tue

208 1621 2826 475 française ne sera plus une patrie <> <>. Demain

200 1834 2789 532 grâce à vous, il n'y aura plus pour notre honte

2338 2088 638 208 <>

2514 1961 479 200 à l'autre

225 2198 2506 356 commune, de ces executions furtives <>

233 2350 2813 434 naissante dans nos prisons. Demain grâce à vous

229 2579 2866 512 des pages sanglantes de notre justice seront closes. Et la

237 2870 2723 466 guillotine à sa place au musée. Au nom de notre

249 3099 2723 413 Justice, dont a cet instant plus qu'aucun autre

2649 3205 462 193 sans doute

229 3426 2661 348 dans ma vie, j'ai conscience d'assumer le ministère,

245 3643 2699 447 legislateur Français, de toutes mes forces, d'avance

274 4069 1171 246 je vous en remercie.

3251 176 159 188 26
