3588 4913
1806 155 1298 152 a trois reprises, - echec.

471 233 1810 196 En [?] commun cependant, <>

2338 233 926 241 alors Garde des Sceaux

454 364 2617 258 1848 - 1877 - 1908. Briand tenta <>

1904 540 336 143 autre

376 536 3056 291 d'arracher à la majorité de gauche de l'époque l'abolition

1900 704 1020 192 Je n'ai pas son

393 712 2945 364 - Il n'y parvint pas. <> <> <> talent

348 1027 303 209 Mais

450 1105 1716 213 vous <> plus de courage.

700 1068 315 152 avez

2322 1154 876 188 Eté abolition n'est +

2461 1113 328 148 quart

532 1236 2752 389 Depuis lors <> 70 ans ont passé. Et <> <>

266 1490 2818 360 <> jamais venue jusqu'à vs. Pas faute que de

2867 1633 290 188 quelque

331 1719 2958 364 grandes voix s'élèvent : le combat pour l'abolition

1363 2010 406 164 <>

319 1944 2986 401 de ces grands éclairs qui trouent la nuit de la conscience

757 2259 713 201 <> <> <>

327 2178 2830 425 humaine : Hugo à Camus. De Crémieux à Albert Naud

1454 2481 544 147 <> <>

356 2472 2335 365 Et Emile Pollak,

1273 2571 1872 307 écrits et paroles sont venus interpeler

2826 2919 372 122 moral

393 2788 2818 401 la France. et le législateur. Tjrs en vain. <> <> Cet imobilisme,

905 3181 364 143 repoussée

372 3099 2319 344 cette requete <> méritent qu'on s'interroge.

2310 3213 413 217 nordique

880 3258 2368 393 En fait, la leçon de l'Histoire est simple. Même

565 3615 979 208 <> <> <>

389 3758 790 151 si <>

540 3606 2708 377 l'abolition n'est que le monopole de la gauche, même s'il est

331 3828 2806 364 tjrs existé, dans le corps politique et dans toutes les classes de la

335 4036 2945 320 nation, des femmes et des hommes d'opinions les + diverses, et

319 4245 3010 340 qui se rejoignent pour refuser la peine de mort; il demeure

1142 4470 479 111 a tjrs été

286 4564 1602 213 que l'abolition <> <>

1056 4405 2138 254 <> <> une des causes de la

2576 4532 753 213 gauche francaise

3264 171 139 205 3
