2807 4289
733 278 954 129 L’ACHILEYDE.

450 450 1584 254 DE STACE

840 3088 686 103 A PARIS,

264 3173 1867 125 De l’Imprimerie de JACQUES LANGLOIS, ruë ſaint Jacques,

489 3263 1459 114 au coin de la rué des Noyers, proche ſaint Vves.

793 3474 808 100 M. DC. LXXVIII.

625 3595 1123 143 AVEC PERMISSION.

826 1404 793 122 Traduction en Vers.

704 2416 1001 135 Par M.D.M.A.D.V.

289 1590 1895 161 Avec ſe commencement de la Thebaïde: Et ce qui

371 1722 1806 122 ſe lit de la guerre écrit avec tant d’élegance dans

371 1819 1806 136 le ſeptiéme Livre du meſme Ouvrage. Ce qui eſt

368 1926 1802 125 ſuivi de la Verſion de quelques-unes des Sylves

368 2022 1791 133 de ce Poëte: Et encore de quelques pieces choiſies

368 2123 1795 139 des Poëtes Lucain, Silius ltalicus, Valerius Flaccus

375 2230 486 121 & Claudien.

311 750 1884 172 Poëme delicieux achevé en cinq Livres,

443 929 1763 143 pour la premiere Partie, contenant

432 1065 1759 153 toute l’Hiſtoire de la Ieuneſſe d’A¬

429 1211 289 129 chile.
