2821 4324
1107 2497 72 79 V.

277 2583 1764 108 Thetis peu ſatisfaite du diſcours de Neptune, va en Theffalie & viſite

930 2673 386 87 Chiron. V. 95.

378 2760 1209 97 L parla de la ſorte, & Thetis refuſée

385 2857 1324 90 Ourdit en ſon deſſein une moindre fuſée.

281 2943 1320 98 Du coſté d’Emonie, elle tendit ſes bras,

284 3041 1397 93 Sentant ſon cœur ſerré par un tel embarras,

281 3127 1486 101 Des pieds & de la main, elle repouſſa l’onde,

284 3224 1411 98 Qui ſentit par trois fois ſa puiſſance feconde.

281 3311 1371 101 De ſes plantes alors elle toucha les guez,

284 3405 1537 104 Qui dans la Theſſalie ont leurs fonds divulguez,

284 3506 1541 97 Les Monts de la Province en eurent de la joye:

281 3588 1353 141 Pour les antres ainſi l’on applanit la voye,

1699 3686 151 122 B ij

844 234 562 140 LIVRE I.

263 363 1428 130 Quand il fera rougir les campagnes de ſang,

266 475 1526 105 Et que les Siens vangez reſtabliront leur rang;

266 565 1422 105 Quels meurtres fera-t-il? Et de quelle miſere

266 655 1429 112 Remplira-t-il les champs, exerçant ſa colere?

266 745 1364 112 Aprés qu’il aura mis ſous ſes pieds la valeur

266 839 1534 108 Du belliqueux Hector tombé par ſon mal-heur?

266 936 1555 98 De ſa main ſeule encore étonnant les Pergames,

266 1019 1635 112 Dont les murs ſe verront renverſez par les flâmes:

266 1117 1285 100 Il les ébranlera, puis tout eſtant détruit,

266 1214 1505 94 Pluſieurs en parleront avec beaucoup de bruit.

270 1308 1465 100 Ne vous plaignez pas trop ſur cecy de Pelée,

266 1394 1364 101 Ni de voſtre alliance en ſon nom ravallée,

270 1491 1486 98 Vous tiendrez voſtre rang, comme ſi lupiter,

266 1574 1292 105 Avoüoit voſtre fils pour ſa gloire imiter.

270 1668 1696 104 Ne craignez point au reſte, enfin par la vengeance,

277 1762 1396 97 Vous irez au delà de beaucoup d’eſperance.

274 1852 1457 101 Vſez de tous les flots qui ſous noſtre pouvoir

270 1945 1508 101 Font ce que nous voulons par un juſte devoir,

274 2035 1688 101 Ouand les Grecs reviendront, les roches Capharées,

274 2129 1389 97 Feront ſoudain perir leurs flottes démarées:

281 2226 1623 98 Et là, nous chercherons, pour vous vanger auſſi,

277 2316 1281 101 Ulyſſe ſur les flots, qui fera mon ſouci.

1944 281 76 100 11
