1611 2873
697 2252 314 96 Du Tillet.

515 289 980 144 Extraict des regi¬

668 438 542 100 ſtres de Parlement.

647 576 870 96 VR LA REQVESTE

642 667 875 84 preſentée a la court par Charles

637 744 882 86 l’Angelier libraire de ceſte ville

642 828 880 76 de Paris par laquelle il requiert

640 902 879 72 luy eſtre permis par ladicte

649 972 868 79 Court faire lmprimer & expo¬

239 1053 1280 72 ſer en vente vn liure intitule la Deſcription de

237 1125 1280 76 l'Iſle d’Vtopie ou eſt comprins le miroer des

239 1204 1283 74 republicques du monde traduict de latin en

237 1278 1285 77 Françoys auec les deffenſes accouſtumées. La

242 1357 1275 72 court à permis audict l’Angelier faire impri¬

237 1431 1280 70 mer & expoſer en vente ledict liure & faict de

242 1510 1280 70 fences a tous aultres Libraires & Imprimeurs

242 1584 1270 75 imprimer ou faire Imprimer iceluy liure iuſ¬

246 1663 1276 72 ques a trois ans prochains venans ſur peine de

244 1735 1271 74 confiſcation des liures qu’ilz feroient impri¬

244 1812 1271 69 mer au contraire deſdictes defenſes & d’amẽ¬

244 1879 1271 84 de arbitraire faict en Parlement le quatorzieſ¬

242 1956 1275 86 me iour de Nouembre L’an Mil cinq centz

254 2032 522 94 Quarante & neuf.

954 2106 553 89 Collation eſt faicte.
