1689 2885
928 754 669 99 ERTES TV ME

919 834 688 101 as faict grand plaiſir, treſ

921 923 681 86 docte Lupſet, quand en

931 997 666 89 m’offrant l’Vtopje de

935 1074 660 82 Thomas Morius tu m’ad

512 1144 1085 94 uerti pour entendre a lire choſe delecta

510 1218 1080 97 ble & de grand fruict car comme ia pie

507 1300 1080 92 ca par prieres tu m'auois induict ce que

505 1365 1082 99 de mon naturel i'euſſe ſoubhaité, a lire

502 1447 1078 91 les ſix liures de garder la ſanté tranſla¬

505 1521 1082 97 tez par Thomas Linacer medecin es

502 1596 1083 98 deux langues treſexcellẽt leſquelz en¬

500 1675 1078 94 tre les oeuures de Galien puis n’ague¬

498 1752 1080 94 res il a mis en latin, tellement qu’il ſem

498 1822 1077 98 ble que ſi tous les oeuures de c’eſt au¬

498 1901 1075 99 theur que i’eſtime comme toute la me

493 1971 1070 108 decine, eſtoient auec le temps faictz la¬

490 2043 1081 111 tins, l’eſcolle des medecins, n’autoit

498 2130 1068 98 grand beſoing de la langue Grecque:

488 2202 1071 118 i’ay ſoubdain tellement couru icelluy

1412 2305 151 79 liure

543 211 1064 154 GVILLAVME

541 377 1056 103 BVDE A T HOMAS

820 497 488 84 Lupſet Angloys.
