1595 2825
459 169 233 101 Epiſtre.

77 277 1072 97 Iiure ſuiuãt les originaulx dudict Tho¬

80 364 1065 88 mae Linacer leſquelz tu m’as faict grãd

77 440 1070 87 à mon bié grãd plaiſir de preſter, & par

75 515 1065 85 icelle lecture auoir faict grand fruict.

75 588 1074 90 mais je le me promes encores plus grãd

75 682 1065 71 de la publication du liure que mainte¬

73 746 1069 80 nant tu ſolicites diligemment es bouti

73 819 1062 80 ques de ceſte ville me tenant de ce co¬

68 889 1069 90 ſté aſſez ton obligé, voicy tu m’as baillé

70 969 1065 83 comme pour accroiſſement de plaiſir

68 1042 1062 83 ceſte Vtopie de Morus homme fort ai¬

70 1111 1065 91 gre d’eſprit recreatif & en l’eſtimation

65 1186 1070 92 des choſes humaines grand routier ou

63 1266 1072 90 roturier moy eſtant aux chãps & ayãt

61 1339 1072 92 Ie liure en main auec le ſoing que ie pre

63 1421 1065 78 nois entour mes oeuures allant & ve¬

61 1492 1067 85 nant, car comme tu a congneu & en¬

61 1570 1065 82 tendu voicy ceſtuy eſt le deuxieſme an

61 1640 1065 85 que ie ne ſuis fort occupé aux affaires

58 1713 1068 90 ruſtiques, iay eſté tellement affecté a la

58 1793 1068 87 Iectre de ce liure quãt i’ay heu cõgneu

61 1864 1062 87 & penſé aux meurs des inſtitutions des

68 1937 1053 94 Vtopiens que quaſi i'ay interrompu &

58 2012 1063 94 meſmes delaiſſe le ſouſcy pourchas de

58 2092 1061 87 mes affaires domeſticques voyant que

54 2165 1065 92 l’art & induſtrie economicque qui ne

58 2250 1061 97 tend ſinon que a augmenter le reuenu

725 2332 193 78 * iii

1020 2332 94 90 eſt
