1683 2876
891 162 240 104 Epiſtre.

503 263 1076 106 eſt choſe vaine de laquelle Economic¬

503 357 1079 93 que il n’y a celuy toutesfois qui ne voye

505 433 1077 91 & cognoiſſe que tout le monde en eſt.

505 508 1072 86 poulſe comme d’vne fureur interieure

505 582 1070 91 & naturelle tellemêt que peu ſ’en fault

505 659 1070 88 que ie ne dye qu’il eſt neceſſaire de cõ

503 730 1069 99 feſſer que la giſt le but des loix legiti¬

501 812 1071 84 mes & ciuilz artz enſemble des diſci¬

503 881 1067 99 plines eſt affin que par induſtrie tãt en

496 958 1076 91 uieuſe & tãt ſoigneuſe l’vn de ces deux

496 1035 1069 86 butz entre leſquelz ſe trouue commu¬

491 1107 1081 96 naulté par droict de bourgeoiſie & meſ

489 1188 1076 96 mes quelquefois par droict de lignaige

491 1267 1074 89 pregne touſiours quelque choſe, de

481 1337 1082 98 lautre attire ſurprẽgne, emporte, perde

481 1406 1074 99 deſbriſe, arrache, deface, gaſte, deſro¬

479 1481 1081 105 be, pille & volle partie auec permiſſion

477 1565 1078 91 des loix, & en partie auec auctorité d’i¬

474 1634 1077 101 celles choſes qui plus ont lieu endroict

469 1708 1079 101 les nations & perſonnes ou les droictz

472 1790 1074 100 que lon appelle ciuilz & canõ ſont grã

467 1867 1076 91 dement maintenuz en court entre les

467 1941 1079 93 perſonnes qui cognoiſſent & ſcauent.

462 2008 1077 105 les droictz que lõ appelle ciuilz & lays

465 2087 1076 105 & d’egliſe il n’y a celui qui ne congnoiſ

460 2164 1071 120 ſe que maintenãt ſuyuant telles meurs

1450 2264 72 103 &
