1592 2828
87 247 1056 78 & inſtitutions ceulx la ſont eſtimez ſou

80 327 1054 78 uerains en iuſtice & equité qui ſçauent

82 405 1057 71 les moyens de ſe donner garde ou plus

82 476 1052 73 toſt de ſurprendre & circõuenir les ſim

87 542 1052 84 ples & qui ſont ouuries de formulaires

82 624 1057 78 c’eſt adire ſurprinſes qui ſçauẽt ſermer

84 699 1050 78 proces en choſes doubteuſes controu¬

80 775 1059 80 uées & renuerſées & delibereez & que

80 848 1061 78 telles gens ſont ſeulement dignes de

82 926 1064 73 donner reſolution de droict & equité

80 999 1063 80 iuſques voire meſmes qui pis eſt par

82 1074 1059 78 puiſſance & auctorité ordonner ce qu’il

75 1145 1068 78 fault q’vun chacun ay combien & iuſ¬

80 1223 1063 80 ques à qu’ant ſe laiſſant ainſi tromper

82 1303 1061 73 & abuſer le iugemét du ſens cõmũ attẽ

82 1378 1057 73 du que pluſieurs aueugles des grandes

80 1451 1068 73 tenebres d’ignorãce eſtimẽt que chaſcũ

80 1522 1068 75 d’autant a bõne cauſe cõme le droict le

82 1597 1064 80 veult ou bien qu’il eſt appuyé & fondé

77 1673 1071 80 ſur icelluy combien que ſi nous voulõs

82 1746 1064 80 examiner telz droictz ſelõ la reigle de

84 1821 1064 78 verité & larreſt de la ſimplicité euãgeli

87 1897 1054 82 q̃ nul n’eſt ſi groſſier qui n’ẽtẽde & nul

84 1977 1069 75 tant hors du ſens qu’il ne confeſſe que

94 2050 1061 78 au iourdhuy & des long temps ha le

96 2125 1059 83 droict qui ſe faict ſuiuãt les loys ciuiles

858 2203 101 94 iiii

1066 2201 80 96 &

502 139 231 75 Epiſtre.
