1575 2867
848 126 249 93 Epiſtre.

391 234 1083 88 & papales eſt auſſi different comme la

384 315 1083 86 Ioy de leſuſchriſt & les meurs de ſes di¬

384 396 1088 79 ſciples ſont differẽt es de l’oppinion de

391 473 1078 81 ceulx qui penſent que les amas de Cre

387 544 1085 81 ſus & de Mydas ſont le comble de fe¬

391 625 1086 77 Iicité de ſorte que ſi maintenant tu vou

391 702 1083 76 Iois diffinir iuſtice ſelon les anciens au

394 778 1080 77 theurs celle qui rend a vn chaſcun ce

396 855 1076 79 qu’il luy appartient tu ne la trouuerois

394 929 1078 74 en lieu du mõde ou bien ſi ie m’oſe per

394 1005 1083 79 mettre de dire fault que nous cõfeſſiõs

396 1082 1081 81 quelle eſt quelque eſcuver de cuiſine

394 1161 1085 76 ſoit que tu preuues garde aux facõs de

391 1232 1083 82 ceulx qui ſont en l’authorité ou aux af¬

391 1314 1088 78 fections qui regnent parmy le peuple ſi

389 1388 1088 76 n’eſt qu’ilz vueullent maintenir que

389 1459 1088 79 droict eſt deſcendu d’vne naturelle &

391 1536 1088 83 egalle juſtice du monde qu’ilz appellẽt

391 1619 1081 72 droict de nature de maniere que d’au¬

389 1691 1090 79 tant plus lhomme eſt puiſſant d’autant

389 1767 1085 77 plus il ayt de biens. Et que d’autant que

389 1842 1080 78 plus il aura de biens plus auſſi ilz doib¬

389 1920 1085 77 uent eſtre eſtime entre les hommes de

387 1997 1085 79 la eſt que voyons comme pour choſes

389 2071 1080 79 tenues de tout le monde que ceulx qui

389 2147 1080 82 ne ſçauent art de induſtrie memorable

391 2224 1069 95 dont ilz puiſſent aider aultruy ont au¬

1336 2303 131 83 tant
