1619 2834
512 141 234 102 Epiſtre,

101 252 1047 83 tant de reuenu que vn millier d’aultre

103 335 1055 75 & ſouuent autãt que toute vne ville ou

99 413 1056 75 meſmes d’auantaige & ſont appellez

99 488 1047 76 les riches & gens de bien & par hon¬

96 564 1057 76 neut les magnificques acquerent pour

99 637 1052 78 ueu qu’ilz ſçauẽt les traficques des trai¬

101 715 1054 71 ctes & lart des contractz obligatoires

101 788 1054 78 pour hypothequer les patrimoines des

101 866 1057 73 perſonnes. A ceſte cauſe de telz temps

94 937 1061 71 de telles inſtitutions de telles meurs de

99 1013 1063 78 telles gens il eſt arreſté ce eſtre le droict

99 1088 1061 76 que tant ſera l’homme de treſgrande &

89 1161 1059 78 aauctorité que plus richement & ſum¬

96 1239 1062 74 ptueuſement il aura faict baſtir ſes mai

94 1317 1061 74 ſons & luy & ſes heritiers & ce encores

94 1386 1057 82 d’autant plus que leurs nepueux & ar¬

96 1468 1059 76 riere nepueux auront de plus grãdz ac

96 1537 1055 80 croiſſementz augmenté les heritaiges

96 1613 1057 77 qu’ilz auront eu de leurs anceſtres c’eſt

96 1686 1055 85 adire que d’autant que plus de long &

94 1761 1057 81 de l’arge ilz auront reculé deulx leurs

94 1839 1054 78 aliez, affins, couſins, & parens mais cer¬

96 1912 1057 81 res noſtre ſeigneur leſuchriſt cõducteur

99 1988 1056 76 & moderateur des poſſeſſions à d’vn

103 2059 1050 87 grand exemple auctoriſe la Pithagoric

96 2142 1057 75 que communion & charité laiſſée entre

94 2217 1066 92 les ſiés quand de mort a eſté puny Ana

1025 2302 128 90 nias
