1650 2867
932 126 227 93 Epiſtre

483 231 1073 101 nias par auoir violé la loy de commu¬

483 322 1073 91 naulté en ce faict noſtre dict ſeigneur

480 398 1074 89 Ieſuchriſt ma ſemble abroge entre les

475 475 1074 86 ſiẽs ce qui eſt de tel droict ciuil & canõ

480 559 1064 78 que nous voyons au iourdhuy eſtre te¬

473 630 1074 86 nu le refuge de prudence & gouuerne¬

473 702 1074 95 ment. Pourtãt l’Iſle d’Vtopie que i’en

473 778 1069 91 tens auſſi eſtre appellée Vtopotie, à d’v

468 855 1076 91 ne merueilleuſe aduenture, ſi nous le

468 936 1076 84 croyons, obtenu les couſtumes certes

466 1005 1076 91 chreſtiennes, & meſmes lavraye ſapien

463 1079 1079 98 ce & en publicq & en priué qu’elle a gar

461 1153 1081 98 dé iuſques a huy ſans y riẽ gaſter en re

461 1235 1076 90 tenant trois diuines inſtitutions: c’eſt

456 1306 1079 96 aſſauoir entre ſes citoyens equalité de

456 1380 1076 101 biens & maulx ou ſi tu aymes mieulx.

456 1455 1095 102 vne ciuilité du tout parfaicte: & vn con

449 1533 1083 96 ſtant & perſeuerẽt amour de paix & trã

451 1610 1079 100 quilité: & vn meſpris dor & dargẽt. qui

447 1686 1078 96 ſont trois, affn de ainſi parler, amortiſ¬

447 1760 1078 101 ſemens de toutes fraudes, impoſtures

447 1842 1076 93 circunuentions, fineſſes & priueez trõ¬

447 1913 1073 101 peries. Se ſeroit au grand accroiſſemẽt

442 1987 1076 98 du nõ de Dieu, que ces trois cheſz des

442 2061 1074 105 loix Vtopiẽnes fuſſent de grandz cloux

444 2138 1069 107 de ferme & ſtable perſuation fichez es

1384 2241 132 83 ſens
