<?xml version="1.0" encoding="UTF-8"?>
<alto xmlns:xsi="http://www.w3.org/2001/XMLSchema-instance"
      xmlns="http://www.loc.gov/standards/alto/ns-v4#"
      xsi:schemaLocation="http://www.loc.gov/standards/alto/ns-v4# http://www.loc.gov/standards/alto/v4/alto-4-2.xsd">
  <Description>
    <MeasurementUnit>pixel</MeasurementUnit>
    <sourceImageInformation>
      <fileName>1_1b29f_default.jpg</fileName>
      
    </sourceImageInformation>
  </Description>
  
  <Tags>
    <OtherTag ID="BT1" LABEL="Title" DESCRIPTION="block type Title"/><OtherTag ID="BT2" LABEL="Main" DESCRIPTION="block type Main"/><OtherTag ID="BT1200" LABEL="Margin" DESCRIPTION="block type Margin"/><OtherTag ID="BT1201" LABEL="Signatures" DESCRIPTION="block type Signatures"/><OtherTag ID="BT1202" LABEL="Numbering" DESCRIPTION="block type Numbering"/><OtherTag ID="BT1203" LABEL="Decoration" DESCRIPTION="block type Decoration"/>
    <OtherTag ID="LT1" LABEL="Main" DESCRIPTION="line type Main"/><OtherTag ID="LT2" LABEL="Numbering" DESCRIPTION="line type Numbering"/>
  </Tags>
  
  <Layout>
    <Page WIDTH="3456"
          HEIGHT="4677"
          PHYSICAL_IMG_NR="3"
          ID="eSc_dummypage_">
      <PrintSpace HPOS="0"
                  VPOS="0"
                  WIDTH="3456"
                  HEIGHT="4677">
        
        <TextBlock HPOS="951.0"
                   VPOS="779.0"
                   WIDTH="1366.0"
                   HEIGHT="321.0"
                   ID="eSc_textblock_ffcef744"
                   TAGREFS="BT1">
          <Shape><Polygon POINTS="2270 779 2317 900 2028 1074 1108 1100 1060 1087 951 947 951 810 1575 779"/></Shape>
          
          
          <TextLine ID="eSc_line_ca38d6b0"
                    TAGREFS="LT1"
                    BASELINE="955 927 2297 876" 
                    HPOS="947.0"
                    VPOS="775.0"
                    WIDTH="1346.0"
                    HEIGHT="168.0">
            <Shape><Polygon POINTS="951 896 947 826 967 806 1068 802 1084 818 1099 802 1193 798 1224 818 1326 798 1759 798 1778 775 1938 791 1969 775 2289 775 2293 880 2274 896 1997 888 1973 904 1923 888 1880 912 1817 912 1778 892 1747 915 1665 919 1642 900 1568 915 1470 904 1431 919 1365 908 1337 923 1263 912 1236 931 1162 915 1127 939 1080 923 1053 943 951 927"/></Shape>
	    <String CONTENT="Ad lectorem epigramma"
                    HPOS="947.0"
                    VPOS="775.0"
                    WIDTH="1346.0"
                    HEIGHT="168.0"></String>
          </TextLine>

          
          
          <TextLine ID="eSc_line_e537f950"
                    TAGREFS="LT1"
                    BASELINE="1119 1083 2051 1056" 
                    HPOS="1111.0"
                    VPOS="958.0"
                    WIDTH="936.0"
                    HEIGHT="141.0">
            <Shape><Polygon POINTS="1115 1052 1111 989 1127 974 1376 993 1419 978 1618 982 1646 958 1731 982 1833 962 1872 974 1891 958 2036 962 2047 1025 2047 1056 2012 1071 1915 1060 1891 1079 1872 1064 1848 1079 1790 1067 1646 1087 1501 1075 1482 1091 1412 1091 1384 1075 1365 1095 1279 1095 1252 1079 1228 1099 1115 1083"/></Shape>
	    <String CONTENT="hec continentur"
                    HPOS="1111.0"
                    VPOS="958.0"
                    WIDTH="936.0"
                    HEIGHT="141.0"></String>
          </TextLine>

          
        </TextBlock>
        
        <TextBlock HPOS="858.0"
                   VPOS="1153.0"
                   WIDTH="1617.0"
                   HEIGHT="185.0"
                   ID="eSc_textblock_f6b931a2"
                   TAGREFS="BT1">
          <Shape><Polygon POINTS="2473 1153 2475 1266 869 1338 858 1216 1147 1153 2468 1153"/></Shape>
          
          
          <TextLine ID="eSc_line_9b5c75ab"
                    TAGREFS="LT1"
                    BASELINE="865 1309 2457 1258" 
                    HPOS="858.0"
                    VPOS="1141.0"
                    WIDTH="1595.0"
                    HEIGHT="184.0">
            <Shape><Polygon POINTS="862 1278 858 1216 885 1196 963 1192 982 1212 1330 1204 1388 1173 1435 1200 1595 1165 1638 1188 1661 1165 1704 1177 1724 1161 1809 1161 1841 1184 2016 1180 2067 1149 2149 1161 2192 1145 2246 1145 2277 1173 2309 1173 2348 1169 2375 1141 2449 1145 2453 1254 2418 1266 2106 1266 2051 1286 1981 1270 1942 1293 1841 1282 1806 1297 1696 1282 1665 1301 1622 1282 1556 1305 1517 1286 1427 1305 1353 1290 1330 1313 1306 1293 1287 1313 1131 1305 979 1325 862 1305"/></Shape>
	    <String CONTENT="Panegyrici Ad Auguſtiſſimũ"
                    HPOS="858.0"
                    VPOS="1141.0"
                    WIDTH="1595.0"
                    HEIGHT="184.0"></String>
          </TextLine>

          
        </TextBlock>
        
        <TextBlock HPOS="881.0"
                   VPOS="1715.0"
                   WIDTH="1607.0"
                   HEIGHT="172.0"
                   ID="eSc_textblock_1fdff864"
                   TAGREFS="BT1">
          <Shape><Polygon POINTS="2488 1851 2322 1849 890 1887 881 1772 2486 1715"/></Shape>
          
          
          <TextLine ID="eSc_line_fe14a630"
                    TAGREFS="LT1"
                    BASELINE="893 1878 2469 1827" 
                    HPOS="885.0"
                    VPOS="1714.0"
                    WIDTH="1580.0"
                    HEIGHT="176.0">
            <Shape><Polygon POINTS="889 1847 885 1785 920 1757 994 1757 1021 1777 1045 1753 1088 1769 1131 1749 1154 1773 1248 1773 1610 1761 1646 1734 1692 1734 1731 1757 1790 1730 1833 1753 1934 1749 1981 1722 2028 1746 2141 1730 2172 1742 2203 1718 2281 1714 2324 1738 2461 1734 2465 1796 2465 1827 2434 1843 2340 1831 2324 1847 2281 1835 2180 1851 2106 1835 2086 1855 1509 1855 1493 1870 1400 1859 1318 1878 1291 1863 990 1890 889 1874"/></Shape>
	    <String CONTENT="Ad lectorem Epigrãma Jaco"
                    HPOS="885.0"
                    VPOS="1714.0"
                    WIDTH="1580.0"
                    HEIGHT="176.0"></String>
          </TextLine>

          
        </TextBlock>
        
        <TextBlock HPOS="864.0"
                   VPOS="1273.0"
                   WIDTH="1621.0"
                   HEIGHT="460.0"
                   ID="eSc_textblock_2a4a2551"
                   TAGREFS="BT2">
          <Shape><Polygon POINTS="864 1371 2471 1273 2485 1578 2160 1670 887 1733"/></Shape>
          
          
          <TextLine ID="eSc_line_504ce882"
                    TAGREFS="LT1"
                    BASELINE="873 1391 2457 1329" 
                    HPOS="869.0"
                    VPOS="1262.0"
                    WIDTH="1584.0"
                    HEIGHT="137.0">
            <Shape><Polygon POINTS="869 1360 869 1321 932 1321 947 1336 1033 1332 1068 1313 1084 1329 1162 1329 1181 1309 1224 1325 1466 1297 1560 1313 1642 1309 1677 1290 1923 1297 1962 1278 2028 1293 2153 1290 2188 1270 2231 1286 2301 1270 2344 1282 2391 1262 2449 1262 2453 1297 2449 1344 2188 1340 2157 1356 1778 1356 1751 1371 1677 1360 1552 1379 1466 1368 1357 1387 869 1399"/></Shape>
	    <String CONTENT="Principem Maximilianum Romanũn Regem Inuictiſſi"
                    HPOS="869.0"
                    VPOS="1262.0"
                    WIDTH="1584.0"
                    HEIGHT="137.0"></String>
          </TextLine>

          
          
          <TextLine ID="eSc_line_122a1fbd"
                    TAGREFS="LT1"
                    BASELINE="873 1465 2461 1406" 
                    HPOS="869.0"
                    VPOS="1344.0"
                    WIDTH="1588.0"
                    HEIGHT="129.0">
            <Shape><Polygon POINTS="869 1434 869 1414 901 1399 971 1414 1060 1410 1080 1391 1185 1406 1217 1387 1259 1403 1322 1387 1439 1395 1505 1375 1926 1379 1954 1364 2032 1375 2047 1356 2129 1371 2168 1352 2242 1368 2352 1344 2418 1344 2457 1375 2449 1422 2371 1410 2348 1426 2036 1422 1806 1445 1728 1434 1692 1449 1638 1438 1275 1465 1213 1453 1057 1473 869 1469"/></Shape>
	    <String CONTENT="mum. Gratiarum actõem continentes. Spectactulũ de"
                    HPOS="869.0"
                    VPOS="1344.0"
                    WIDTH="1588.0"
                    HEIGHT="129.0"></String>
          </TextLine>

          
          
          <TextLine ID="eSc_line_54f123fc"
                    TAGREFS="LT1"
                    BASELINE="889 1543 2461 1477" 
                    HPOS="885.0"
                    VPOS="1422.0"
                    WIDTH="1572.0"
                    HEIGHT="125.0">
            <Shape><Polygon POINTS="885 1512 885 1473 975 1488 1135 1481 1162 1461 1330 1473 1376 1453 1415 1465 1490 1449 1517 1465 1532 1445 1716 1457 1731 1438 1806 1453 1891 1449 1907 1430 1981 1445 1997 1426 2040 1442 2395 1422 2453 1426 2457 1445 2449 1492 885 1547"/></Shape>
	    <String CONTENT="Thurcorũ Rege: &amp; Suldano Rege Babilonie more tra"
                    HPOS="885.0"
                    VPOS="1422.0"
                    WIDTH="1572.0"
                    HEIGHT="125.0"></String>
          </TextLine>

          
          
          <TextLine ID="eSc_line_69f10a13"
                    TAGREFS="LT1"
                    BASELINE="893 1621 2473 1559" 
                    HPOS="889.0"
                    VPOS="1488.0"
                    WIDTH="1580.0"
                    HEIGHT="152.0">
            <Shape><Polygon POINTS="889 1590 893 1562 990 1562 1029 1543 1287 1551 1373 1547 1388 1531 1439 1543 1486 1523 1536 1539 1677 1535 1696 1516 1860 1527 1950 1508 1977 1523 2227 1512 2277 1492 2359 1508 2398 1488 2465 1504 2469 1527 2469 1559 2441 1574 2348 1582 2238 1574 2168 1590 2082 1574 2067 1590 1903 1582 1872 1601 1806 1586 1490 1597 1474 1613 1220 1609 1185 1629 1014 1617 889 1640"/></Shape>
	    <String CONTENT="gico Effigiatum Romani Regis honorem. Dyalo¬"
                    HPOS="889.0"
                    VPOS="1488.0"
                    WIDTH="1580.0"
                    HEIGHT="152.0"></String>
          </TextLine>

          
          
          <TextLine ID="eSc_line_7a588066"
                    TAGREFS="LT1"
                    BASELINE="889 1703 2157 1648" 
                    HPOS="881.0"
                    VPOS="1578.0"
                    WIDTH="1272.0"
                    HEIGHT="136.0">
            <Shape><Polygon POINTS="885 1672 881 1644 1014 1640 1033 1621 1072 1633 1096 1617 1131 1636 1197 1633 1244 1609 1310 1629 1404 1605 1509 1621 1552 1597 1587 1613 1638 1594 1778 1609 1798 1586 1872 1605 1926 1582 2020 1597 2098 1578 2149 1590 2153 1617 2137 1660 1817 1660 1509 1687 1443 1675 1427 1691 1353 1679 885 1714"/></Shape>
	    <String CONTENT="gus de hereſibus &amp; quibuſdam hereſiarchis."
                    HPOS="881.0"
                    VPOS="1578.0"
                    WIDTH="1272.0"
                    HEIGHT="136.0"></String>
          </TextLine>

          
        </TextBlock>
        
        <TextBlock HPOS="896.0"
                   VPOS="1869.0"
                   WIDTH="1499.0"
                   HEIGHT="1015.0"
                   ID="eSc_textblock_926450c4"
                   TAGREFS="BT2">
          <Shape><Polygon POINTS="2207 1979 2238 2116 2160 2198 2176 2365 2301 2385 2223 2646 2395 2681 2395 2771 2258 2789 2140 2784 2122 2859 1958 2865 1003 2884 936 2817 896 1902 1892 1869 1892 1879 1890 1907 2251 1907"/></Shape>
          
          
          <TextLine ID="eSc_line_79cd8fe8"
                    TAGREFS="LT1"
                    BASELINE="901 1952 1876 1917" 
                    HPOS="897.0"
                    VPOS="1859.0"
                    WIDTH="975.0"
                    HEIGHT="97.0">
            <Shape><Polygon POINTS="897 1921 897 1886 1111 1894 1220 1874 1326 1886 1439 1866 1630 1874 1669 1859 1868 1866 1872 1886 1872 1933 897 1956"/></Shape>
	    <String CONTENT="bi locher philomuſi poete laureati"
                    HPOS="897.0"
                    VPOS="1859.0"
                    WIDTH="975.0"
                    HEIGHT="97.0"></String>
          </TextLine>

          
          
          <TextLine ID="eSc_line_1baf2318"
                    TAGREFS="LT1"
                    BASELINE="904 2026 2188 1987" 
                    HPOS="901.0"
                    VPOS="1921.0"
                    WIDTH="1283.0"
                    HEIGHT="109.0">
            <Shape><Polygon POINTS="901 1995 904 1956 1025 1972 1283 1964 1376 1944 1412 1960 1443 1944 1513 1956 1544 1937 1661 1952 2086 1921 2168 1929 2184 1956 2184 1987 2157 2003 2071 1991 2012 2007 1934 1995 1770 2015 1669 2003 1657 2018 1595 2007 1517 2022 1447 2011 1412 2026 1298 2015 1275 2030 901 2030"/></Shape>
	    <String CONTENT="Iam veteranus ego miles per compita pango"
                    HPOS="901.0"
                    VPOS="1921.0"
                    WIDTH="1283.0"
                    HEIGHT="109.0"></String>
          </TextLine>

          
          
          <TextLine ID="eSc_line_83b549a1"
                    TAGREFS="LT1"
                    BASELINE="982 2100 1934 2061" 
                    HPOS="979.0"
                    VPOS="1999.0"
                    WIDTH="951.0"
                    HEIGHT="113.0">
            <Shape><Polygon POINTS="979 2069 979 2050 1010 2034 1068 2050 1158 2046 1174 2026 1252 2042 1279 2022 1361 2018 1447 2034 1548 2030 1591 2011 1642 2026 1673 2007 1700 2022 1825 2018 1880 1999 1930 2030 1926 2081 979 2112"/></Shape>
	    <String CONTENT="Carmina: feſtiuo conſotiata pede."
                    HPOS="979.0"
                    VPOS="1999.0"
                    WIDTH="951.0"
                    HEIGHT="113.0"></String>
          </TextLine>

          
          
          <TextLine ID="eSc_line_04cad4a5"
                    TAGREFS="LT1"
                    BASELINE="904 2178 2219 2135" 
                    HPOS="901.0"
                    VPOS="2073.0"
                    WIDTH="1314.0"
                    HEIGHT="109.0">
            <Shape><Polygon POINTS="901 2147 901 2112 1376 2112 1497 2092 1731 2100 2125 2073 2199 2077 2215 2104 2203 2147 901 2182"/></Shape>
	    <String CONTENT="Lector amice faue: tibi ſint mea carmina cure:"
                    HPOS="901.0"
                    VPOS="2073.0"
                    WIDTH="1314.0"
                    HEIGHT="109.0"></String>
          </TextLine>

          
          
          <TextLine ID="eSc_line_c4915fbf"
                    TAGREFS="LT1"
                    BASELINE="982 2252 2110 2213" 
                    HPOS="979.0"
                    VPOS="2155.0"
                    WIDTH="1127.0"
                    HEIGHT="101.0">
            <Shape><Polygon POINTS="979 2221 982 2186 1088 2198 1103 2182 1540 2182 1556 2167 1649 2178 1681 2163 1755 2174 1880 2155 2102 2155 2106 2182 2106 2221 2063 2229 979 2256"/></Shape>
	    <String CONTENT="Et tibi nunc placeat hoc iuuenile decus"
                    HPOS="979.0"
                    VPOS="2155.0"
                    WIDTH="1127.0"
                    HEIGHT="101.0"></String>
          </TextLine>

          
          
          <TextLine ID="eSc_line_e7edcb3d"
                    TAGREFS="LT1"
                    BASELINE="912 2330 2157 2287" 
                    HPOS="904.0"
                    VPOS="2225.0"
                    WIDTH="1249.0"
                    HEIGHT="121.0">
            <Shape><Polygon POINTS="908 2299 904 2264 1014 2280 1088 2260 1127 2276 1162 2256 1240 2272 1412 2248 1439 2264 1571 2260 1622 2241 1677 2256 1731 2241 1864 2248 1926 2229 2020 2244 2067 2225 2121 2225 2153 2256 2153 2291 2114 2303 1930 2299 1911 2315 1798 2319 1708 2307 1661 2322 1357 2334 1291 2322 1236 2338 1041 2330 975 2346 908 2334"/></Shape>
	    <String CONTENT="Iam dudum veniam petij:concordia muſis"
                    HPOS="904.0"
                    VPOS="2225.0"
                    WIDTH="1249.0"
                    HEIGHT="121.0"></String>
          </TextLine>

          
          
          <TextLine ID="eSc_line_1a417614"
                    TAGREFS="LT1"
                    BASELINE="994 2408 2125 2365" 
                    HPOS="990.0"
                    VPOS="2303.0"
                    WIDTH="1131.0"
                    HEIGHT="113.0">
            <Shape><Polygon POINTS="990 2377 1006 2342 1060 2354 1092 2338 1400 2342 1552 2322 1599 2334 1610 2319 1997 2319 2020 2303 2118 2315 2121 2334 2121 2373 2016 2389 1930 2377 1911 2393 1841 2381 1704 2400 990 2416"/></Shape>
	    <String CONTENT="Adſit: inhumanus ledere qui volet has"
                    HPOS="990.0"
                    VPOS="2303.0"
                    WIDTH="1131.0"
                    HEIGHT="113.0"></String>
          </TextLine>

          
          
          <TextLine ID="eSc_line_dc3d7700"
                    TAGREFS="LT1"
                    BASELINE="920 2494 2293 2439" 
                    HPOS="916.0"
                    VPOS="2377.0"
                    WIDTH="1373.0"
                    HEIGHT="121.0">
            <Shape><Polygon POINTS="916 2463 924 2424 1314 2424 1326 2408 1704 2408 1806 2389 1899 2400 2149 2377 2285 2385 2289 2408 2277 2455 916 2498"/></Shape>
	    <String CONTENT="Sum iuuenis fateor doctrina &amp; carmine: ducor"
                    HPOS="916.0"
                    VPOS="2377.0"
                    WIDTH="1373.0"
                    HEIGHT="121.0"></String>
          </TextLine>

          
          
          <TextLine ID="eSc_line_6f7839ee"
                    TAGREFS="LT1"
                    BASELINE="998 2568 2188 2525" 
                    HPOS="994.0"
                    VPOS="2467.0"
                    WIDTH="1190.0"
                    HEIGHT="117.0">
            <Shape><Polygon POINTS="994 2537 1010 2502 1314 2509 1427 2486 1451 2502 1490 2486 1532 2502 1587 2482 1747 2494 1778 2478 1965 2486 1985 2467 2028 2482 2106 2467 2180 2478 2184 2494 2172 2545 1973 2537 1958 2552 1665 2548 1423 2572 1326 2560 1310 2576 1123 2568 1092 2584 994 2572"/></Shape>
	    <String CONTENT="Aſt tamen ad latices Sara prata deum."
                    HPOS="994.0"
                    VPOS="2467.0"
                    WIDTH="1190.0"
                    HEIGHT="117.0"></String>
          </TextLine>

          
          
          <TextLine ID="eSc_line_af12d5c0"
                    TAGREFS="LT1"
                    BASELINE="920 2646 2199 2611" 
                    HPOS="916.0"
                    VPOS="2545.0"
                    WIDTH="1280.0"
                    HEIGHT="113.0">
            <Shape><Polygon POINTS="916 2615 924 2576 1193 2587 2090 2545 2184 2548 2196 2580 2196 2607 2160 2626 2082 2611 2016 2626 1915 2615 1899 2634 1751 2623 1724 2638 1653 2623 1564 2642 1505 2626 1482 2646 1384 2630 1189 2654 1127 2638 986 2658 916 2646"/></Shape>
	    <String CONTENT="Non veteranus ego dicor ꝙ tempore longo"
                    HPOS="916.0"
                    VPOS="2545.0"
                    WIDTH="1280.0"
                    HEIGHT="113.0"></String>
          </TextLine>

          
          
          <TextLine ID="eSc_line_edaa1ca1"
                    TAGREFS="LT1"
                    BASELINE="998 2712 2098 2681" 
                    HPOS="994.0"
                    VPOS="2619.0"
                    WIDTH="1100.0"
                    HEIGHT="109.0">
            <Shape><Polygon POINTS="994 2681 1002 2646 1076 2661 1131 2642 1158 2658 1263 2658 1314 2638 1380 2654 1521 2650 1544 2630 1579 2646 1599 2630 1692 2642 1739 2626 1950 2638 2043 2619 2086 2623 2094 2650 2090 2697 1700 2697 1404 2720 1279 2708 1267 2724 1127 2728 994 2716"/></Shape>
	    <String CONTENT="Laſſarim digitis plectra Canora meis:"
                    HPOS="994.0"
                    VPOS="2619.0"
                    WIDTH="1100.0"
                    HEIGHT="109.0"></String>
          </TextLine>

          
          
          <TextLine ID="eSc_line_d0a50a59"
                    TAGREFS="LT1"
                    BASELINE="936 2798 2387 2743" 
                    HPOS="932.0"
                    VPOS="2677.0"
                    WIDTH="1451.0"
                    HEIGHT="129.0">
            <Shape><Polygon POINTS="932 2767 943 2728 1357 2732 1408 2716 1770 2716 1802 2697 1856 2712 1926 2697 2082 2704 2121 2685 2184 2700 2215 2681 2258 2697 2305 2677 2379 2677 2383 2712 2371 2763 932 2806"/></Shape>
	    <String CONTENT="Sed quia non primum nunc diua Sacraria phœbi"
                    HPOS="932.0"
                    VPOS="2677.0"
                    WIDTH="1451.0"
                    HEIGHT="129.0"></String>
          </TextLine>

          
          
          <TextLine ID="eSc_line_4cc5557a"
                    TAGREFS="LT1"
                    BASELINE="1010 2872 2114 2837" 
                    HPOS="1006.0"
                    VPOS="2771.0"
                    WIDTH="1104.0"
                    HEIGHT="109.0">
            <Shape><Polygon POINTS="1006 2841 1025 2798 1072 2817 1119 2798 1326 2810 1400 2786 1490 2806 1595 2802 1618 2778 1704 2798 1743 2775 1845 2794 1911 2771 1989 2771 2106 2786 2110 2806 2098 2852 1006 2880"/></Shape>
	    <String CONTENT="Sollicito: mihi dant edita ſcripta fidem."
                    HPOS="1006.0"
                    VPOS="2771.0"
                    WIDTH="1104.0"
                    HEIGHT="109.0"></String>
          </TextLine>

          
        </TextBlock>
        
        <TextBlock HPOS="947.0"
                   VPOS="2956.0"
                   WIDTH="1588.0"
                   HEIGHT="162.0"
                   ID="eSc_textblock_3f6c7c4d"
                   TAGREFS="BT1">
          <Shape><Polygon POINTS="2535 2962 2529 3054 2309 3062 2269 3083 2199 3066 1533 3090 1469 3109 1406 3094 1135 3110 1068 3118 1027 3113 947 3111 951 2977 1142 2956 2493 2956"/></Shape>
          
          
          <TextLine ID="eSc_line_9bbd52cb"
                    TAGREFS="LT1"
                    BASELINE="947 3102 2515 3043" 
                    HPOS="940.0"
                    VPOS="2930.0"
                    WIDTH="1572.0"
                    HEIGHT="191.0">
            <Shape><Polygon POINTS="943 3071 940 3016 1018 2985 1115 3008 1142 2981 1170 2993 1232 2977 1267 3004 1318 2973 1369 2997 1427 2997 1462 2969 1517 2965 1544 2993 1583 2993 1681 2985 1704 2958 1763 2981 1794 2954 1821 2965 1899 2950 1926 2977 2001 2977 2043 2946 2098 2973 2211 2969 2297 2965 2320 2934 2410 2962 2434 2930 2457 2930 2508 2958 2512 3012 2512 3040 2461 3067 2406 3043 2379 3071 2317 3055 2301 3075 2242 3075 2215 3051 2192 3071 2114 3063 2094 3082 2028 3082 1989 3063 1973 3079 1837 3090 1817 3075 1806 3090 1763 3079 1747 3094 1700 3071 1673 3098 1583 3082 1571 3102 1493 3079 1419 3082 1404 3102 1353 3110 1318 3090 1295 3106 1123 3098 1096 3118 1029 3121 943 3102"/></Shape>
	    <String CONTENT="Epiſtola Jacobi Locher phi¬"
                    HPOS="940.0"
                    VPOS="2930.0"
                    WIDTH="1572.0"
                    HEIGHT="191.0"></String>
          </TextLine>

          
        </TextBlock>
        
        <TextBlock HPOS="951.0"
                   VPOS="3084.0"
                   WIDTH="1584.0"
                   HEIGHT="271.0"
                   ID="eSc_textblock_8609cef6"
                   TAGREFS="BT2">
          <Shape><Polygon POINTS="2535 3207 2523 3229 2255 3229 2255 3340 1338 3340 1338 3355 951 3347 951 3126 2512 3084"/></Shape>
          
          
          <TextLine ID="eSc_line_b462d7ef"
                    TAGREFS="LT1"
                    BASELINE="951 3176 2512 3125" 
                    HPOS="947.0"
                    VPOS="3063.0"
                    WIDTH="1561.0"
                    HEIGHT="121.0">
            <Shape><Polygon POINTS="947 3145 951 3110 994 3125 1189 3102 1256 3118 1423 3114 1548 3090 1665 3106 1685 3086 1786 3102 1926 3079 1981 3094 1997 3079 2032 3090 2075 3075 2102 3090 2149 3071 2383 3082 2441 3063 2496 3075 2508 3094 2500 3145 947 3184"/></Shape>
	    <String CONTENT="lomuſi Ehigenſis Poete laureati Ad clariſſimum viR"
                    HPOS="947.0"
                    VPOS="3063.0"
                    WIDTH="1561.0"
                    HEIGHT="121.0"></String>
          </TextLine>

          
          
          <TextLine ID="eSc_line_b0d10905"
                    TAGREFS="LT1"
                    BASELINE="951 3254 2519 3203" 
                    HPOS="947.0"
                    VPOS="3145.0"
                    WIDTH="1568.0"
                    HEIGHT="117.0">
            <Shape><Polygon POINTS="947 3223 963 3188 1057 3199 1189 3180 1306 3192 1505 3172 1548 3184 1560 3168 1868 3172 1915 3156 2274 3160 2313 3145 2492 3149 2515 3172 2500 3223 2449 3211 2379 3227 2157 3219 1895 3242 1884 3231 1665 3250 947 3262"/></Shape>
	    <String CONTENT="Conradum Sturczel de Bücham Equitem et doctorem"
                    HPOS="947.0"
                    VPOS="3145.0"
                    WIDTH="1568.0"
                    HEIGHT="117.0"></String>
          </TextLine>

          
          
          <TextLine ID="eSc_line_a7a91f89"
                    TAGREFS="LT1"
                    BASELINE="951 3340 2235 3297" 
                    HPOS="947.0"
                    VPOS="3223.0"
                    WIDTH="1284.0"
                    HEIGHT="132.0">
            <Shape><Polygon POINTS="947 3308 955 3262 1021 3277 1096 3258 1178 3273 1271 3270 1298 3250 1412 3266 1451 3246 1529 3262 1552 3246 1646 3258 1696 3238 1747 3254 1770 3238 1985 3246 2001 3227 2106 3242 2121 3223 2164 3223 2227 3238 2231 3266 2215 3312 2098 3320 1111 3340 1060 3355 947 3344"/></Shape>
	    <String CONTENT="Regium Cancellarium Eximium. Eauſte."
                    HPOS="947.0"
                    VPOS="3223.0"
                    WIDTH="1284.0"
                    HEIGHT="132.0"></String>
          </TextLine>

          
        </TextBlock>
        
        <TextBlock HPOS="2281.0"
                   VPOS="3293.0"
                   WIDTH="159.0"
                   HEIGHT="100.0"
                   ID="eSc_textblock_7bb6e78d"
                   TAGREFS="BT1201">
          <Shape><Polygon POINTS="2285 3307 2281 3386 2437 3393 2440 3293"/></Shape>
          
          
          <TextLine ID="eSc_line_e6dc8617"
                    TAGREFS="LT1"
                    BASELINE="2297 3363 2367 3351 2426 3367" 
                    HPOS="2285.0"
                    VPOS="3281.0"
                    WIDTH="145.0"
                    HEIGHT="102.0">
            <Shape><Polygon POINTS="2289 3332 2289 3293 2320 3281 2430 3281 2430 3383 2285 3367"/></Shape>
	    <String CONTENT="A ij"
                    HPOS="2285.0"
                    VPOS="3281.0"
                    WIDTH="145.0"
                    HEIGHT="102.0"></String>
          </TextLine>

          
        </TextBlock>
        

        
      </PrintSpace>
    </Page>
  </Layout>
</alto>
