1572 2867
842 176 237 93 Epiſtre.

401 286 1080 91 trompezde leur opinion, quand ilz ont

406 372 1072 81 pẽſé que lors que iuſtice partiroit de la

397 449 1079 74 terre, ſe retireroit au cercle des douze ſi

404 525 1077 74 gnes. Car il eſt neceſſaire qu’elle ſe ſoit

399 599 1074 79 arreſtée en l’Iſle d’Vtopie, ſi nous croy

394 676 1082 78 ons Hythlodeꝰ, mais ie trouue en y pre

399 754 1077 75 nant de pres garde, que Vtopie eſt ſi¬

399 831 1082 72 tuée hors les bornes du monde, cõgneu

399 907 1079 72 qu’il eſt certes vne Iſle fortunéeprochei

394 979 1072 77 ne paraduenture des champs Elyſées

394 1056 1077 74 car Hythlodeus cõme teſtifie Morus.

397 1132 1081 76 n’a point encore donné de ceſte iſle la

394 1204 1075 81 certaine ſituation. Il a bien dict qu’elle

394 1282 1077 77 eſt diuiſée en villes, leſquelles toutes tẽ

394 1359 1077 76 dent en vne cité, qui ha a nom Hagno

399 1433 1070 79 polis de ſes obſeruances & bonnes en¬

394 1512 1082 74 tretenuez d’Innocence heureuſe, tenãt

397 1586 1074 79 par maniere de dire, vne forme deviure

394 1662 1077 79 celeſte, ainſi par deſſus la fãge de ce mõ

394 1736 1079 79 de cõgneu ,comme elle eſt deſſoubz le

397 1818 1074 71 ciel. Hatiuement & chauldement miſe

392 1892 1069 76 a fin par tant dentreprinſezhumaines,

392 1968 1077 74 tant aſpres & incitées quevainnes & in

390 2040 1079 79 nutiles: noꝰ debuõs dõcques la cõgnoiſ

390 2114 1076 81 ſance de c’eſt Iſle a Thomas, Morꝰ qui

392 2198 1074 74 de noſtre aage a mis en lumiere vn exẽ

397 2269 1069 91 plaire d’heureuſe vie & vn arreſt de viure

1320 2348 149 81 ainſi
