1619 2825
622 138 238 88 Epiſtre.

89 235 1065 89 ainſi qu’il dict inuenté de Hythlodeus,

89 322 1065 80 auquel il attribue tout, lequel ainſi que

89 395 1065 80 Hythlodeus a baſty la cité d'Vtopie, cõ

94 475 1058 73 poſé leurdictes meurs & inſtitutions,

101 553 1053 70 ceſt a dire, quil nous a de la emprunté

94 623 1063 78 & apporté vn argument d’heureuſe vie

94 696 1063 80 certes ainſi Morus a crandement en¬

91 769 1068 78 richy de ſon ſtile & eloquence la cité &

94 849 1067 73 Ies ſainctes ordonnances, & a tolly &

96 920 1065 80 dreſſé. Comme a vne reigle la meſme

98 995 1068 80 cité des Hagnopolitains &y a adiouſté

98 1073 1063 80 toutes ſes choſes, deſquelles vn œuure

101 1148 1070 76 magnificque eſt decoré embelly & au

96 1221 1072 76 ctoriſé combiẽ qu’en ce il ſ’attribue ſeu

96 1299 1072 75 lement l’office de redreſſeur comme ne

98 1374 1070 76 faiſant conſcience de ſattribuer le plus

101 1450 1067 75 fort de ceſt œuure: de peur que Hythlo

103 1523 1068 75 deus a bon droict ſe peult plaindre que

106 1596 1065 80 Morꝰ luyauroit laiſſé lagloire apres pre

103 1676 1072 75 mier en auoir prins lhonneur, il a certes

108 1746 1065 80 heu pour que ceſt Hythlodeus apres a¬

110 1826 1068 71 uoit ſemblé volũtier auoir demouré en

108 1897 1065 80 l'Iſle d’Vtopie, en fin fuſt marry &

110 1975 1065 80 prĩt a grãt grief, que Morus luy euſt laiſ

110 2050 1065 80 ſé la gloire de ceſte inuention deflorée

117 2125 1061 73 & eſcheuée. Car ceſt vne choſe bien

115 2201 1063 91 decente que gens de biẽ & ſages ſoyẽt

1034 2281 141 84 ainſi
