<?xml version="1.0" encoding="UTF-8"?>
<alto xmlns:xsi="http://www.w3.org/2001/XMLSchema-instance"
      xmlns="http://www.loc.gov/standards/alto/ns-v4#"
      xsi:schemaLocation="http://www.loc.gov/standards/alto/ns-v4# http://www.loc.gov/standards/alto/v4/alto-4-2.xsd">
  <Description>
    <MeasurementUnit>pixel</MeasurementUnit>
    <sourceImageInformation>
      <fileName>23_9655b_default.jpg</fileName>
      <fileIdentifier>https://gallica.bnf.fr/iiif/ark:/12148/bpt6k6566444g/f24/full/full/0/default.jpg</fileIdentifier>
    </sourceImageInformation>
  </Description>
  
  <Tags>
    <OtherTag ID="BT1" LABEL="Title" DESCRIPTION="block type Title"/><OtherTag ID="BT2" LABEL="Main" DESCRIPTION="block type Main"/><OtherTag ID="BT1164" LABEL="Decoration" DESCRIPTION="block type Decoration"/><OtherTag ID="BT1165" LABEL="Stamp" DESCRIPTION="block type Stamp"/><OtherTag ID="BT1166" LABEL="Numbering" DESCRIPTION="block type Numering"/><OtherTag ID="BT1168" LABEL="Margin" DESCRIPTION="block type Margin"/><OtherTag ID="BT1169" LABEL="DropCapital" DESCRIPTION="block type DropCapital"/>
    <OtherTag ID="LT1" LABEL="Main" DESCRIPTION="line type Main"/><OtherTag ID="LT2" LABEL="Numbering" DESCRIPTION="line type Numbering"/>
  </Tags>
  
  <Layout>
    <Page WIDTH="1635"
          HEIGHT="2855"
          PHYSICAL_IMG_NR="23"
          ID="eSc_dummypage_">
      <PrintSpace HPOS="0"
                  VPOS="0"
                  WIDTH="1635"
                  HEIGHT="2855">
        
        <TextBlock HPOS="835"
                   VPOS="152"
                   WIDTH="248"
                   HEIGHT="86"
                   ID="eSc_textblock_323ed4c0"
                   TAGREFS="BT1">
          <Shape><Polygon POINTS="1063 161 1083 238 835 238 837 152"/></Shape>
          
          
          <TextLine ID="eSc_line_4ff0377e"
                    TAGREFS="LT1"
                    BASELINE="835 214 1061 214" 
                    HPOS="835"
                    VPOS="142"
                    WIDTH="226"
                    HEIGHT="91">
            <Shape><Polygon POINTS="835 195 835 161 854 152 897 147 911 159 923 147 975 142 985 152 1061 161 1061 218 1030 233 999 233 975 218 935 221 923 233 835 221"/></Shape>
	    <String CONTENT="Epiſtre"
                    HPOS="835"
                    VPOS="142"
                    WIDTH="226"
                    HEIGHT="91"></String>
          </TextLine>

          
        </TextBlock>
        
        <TextBlock HPOS="437"
                   VPOS="250"
                   WIDTH="1131"
                   HEIGHT="2126"
                   ID="eSc_textblock_e3a2a8fc"
                   TAGREFS="BT2">
          <Shape><Polygon POINTS="1568 275 1511 2376 1418 2376 1387 2310 437 2291 466 266 770 250 770 256 1548 256"/></Shape>
          
          
          <TextLine ID="eSc_line_f5853e55"
                    TAGREFS="LT1"
                    BASELINE="468 316 1556 306" 
                    HPOS="464"
                    VPOS="235"
                    WIDTH="1090"
                    HEIGHT="93">
            <Shape><Polygon POINTS="466 297 464 247 473 254 485 242 535 242 556 259 592 242 623 242 647 259 704 261 761 240 871 240 892 256 971 256 987 247 1001 256 1020 242 1054 256 1094 256 1118 237 1142 247 1166 237 1185 254 1220 237 1270 237 1294 254 1382 254 1413 235 1435 254 1551 252 1554 287 1551 311 1516 321 1349 321 1337 311 1285 311 1275 321 1242 314 1230 323 1173 323 1159 314 1128 323 1037 323 1016 314 982 325 861 325 847 316 663 328 466 321"/></Shape>
	    <String CONTENT="ainſi perſuadez. Mais certes le teſmoi¬"
                    HPOS="464"
                    VPOS="235"
                    WIDTH="1090"
                    HEIGHT="93"></String>
          </TextLine>

          
          
          <TextLine ID="eSc_line_536eaf33"
                    TAGREFS="LT1"
                    BASELINE="471 385 1558 390" 
                    HPOS="468"
                    VPOS="328"
                    WIDTH="1090"
                    HEIGHT="81">
            <Shape><Polygon POINTS="471 366 471 342 668 344 692 330 721 344 744 328 840 344 871 344 885 330 1013 328 1047 333 1061 347 1087 347 1104 330 1154 344 1178 330 1189 342 1230 337 1244 347 1339 344 1361 330 1501 347 1523 330 1558 333 1556 392 1496 392 1473 409 1425 409 1404 392 1370 404 1332 392 1285 402 1235 392 1208 406 1168 392 1132 409 1087 392 1030 402 925 390 890 402 771 392 761 402 725 394 697 406 654 394 630 406 566 406 552 394 521 406 468 404"/></Shape>
	    <String CONTENT="gnage de Pierre Gilles d’Anuers ( lequel"
                    HPOS="468"
                    VPOS="328"
                    WIDTH="1090"
                    HEIGHT="81"></String>
          </TextLine>

          
          
          <TextLine ID="eSc_line_2969ccb5"
                    TAGREFS="LT1"
                    BASELINE="466 468 1556 461" 
                    HPOS="461"
                    VPOS="402"
                    WIDTH="1093"
                    HEIGHT="80">
            <Shape><Polygon POINTS="464 449 461 425 490 425 521 406 566 406 585 425 685 425 709 409 744 418 809 406 854 423 918 411 940 423 971 404 1006 404 1025 421 1042 404 1059 404 1092 423 1189 402 1206 402 1228 421 1382 421 1401 402 1432 421 1485 421 1501 406 1520 421 1551 416 1554 442 1551 466 1516 478 1473 468 1458 478 1392 468 1375 478 1242 471 1187 480 1159 468 1025 468 999 478 944 468 923 480 904 468 880 478 828 468 780 471 768 482 680 482 671 473 606 482 580 471 545 482 514 471 464 475"/></Shape>
	    <String CONTENT="cõbien que ie ne vis jamais, toutefoisie"
                    HPOS="461"
                    VPOS="402"
                    WIDTH="1093"
                    HEIGHT="80"></String>
          </TextLine>

          
          
          <TextLine ID="eSc_line_7002c85a"
                    TAGREFS="LT1"
                    BASELINE="459 544 1551 537" 
                    HPOS="454"
                    VPOS="478"
                    WIDTH="1095"
                    HEIGHT="78">
            <Shape><Polygon POINTS="456 525 454 482 511 482 523 492 547 482 561 497 718 497 733 482 752 482 773 497 816 497 840 480 863 480 878 494 951 494 982 480 1049 494 1073 480 1101 494 1137 494 1147 485 1161 494 1173 482 1313 492 1339 480 1356 492 1387 492 1406 478 1432 478 1451 492 1475 478 1546 478 1549 518 1546 547 1532 551 1506 551 1492 540 1458 551 1442 542 1425 551 1373 551 1361 542 1299 551 1223 542 1201 551 1185 540 1123 554 1109 544 1032 554 1020 544 1011 551 954 542 930 554 854 544 811 556 778 547 721 556 649 544 604 554 554 544 542 556 530 547 456 547"/></Shape>
	    <String CONTENT="l’aime a chauſe qu’il eſtoit amy iuré d’E"
                    HPOS="454"
                    VPOS="478"
                    WIDTH="1095"
                    HEIGHT="78"></String>
          </TextLine>

          
          
          <TextLine ID="eSc_line_e741d6fc"
                    TAGREFS="LT1"
                    BASELINE="456 618 1549 611" 
                    HPOS="452"
                    VPOS="556"
                    WIDTH="1094"
                    HEIGHT="74">
            <Shape><Polygon POINTS="454 599 452 575 521 573 533 561 561 561 575 575 654 575 668 561 730 561 756 575 816 561 828 571 849 559 866 571 930 563 942 573 968 561 980 571 992 559 1028 573 1047 563 1097 573 1118 559 1156 559 1173 573 1216 556 1232 568 1254 556 1270 571 1280 561 1335 571 1349 556 1430 571 1458 556 1470 568 1544 568 1546 592 1544 613 1487 625 1466 616 1349 625 1337 613 1304 623 1292 616 1282 625 1256 613 1244 625 1187 616 1123 628 1001 625 978 616 782 628 768 620 747 630 711 620 683 630 599 630 575 620 564 630 554 620 483 630 454 620"/></Shape>
	    <String CONTENT="raſme, homme treſexcellent &amp; des let¬"
                    HPOS="452"
                    VPOS="556"
                    WIDTH="1094"
                    HEIGHT="74"></String>
          </TextLine>

          
          
          <TextLine ID="eSc_line_a205f822"
                    TAGREFS="LT1"
                    BASELINE="456 694 1554 687" 
                    HPOS="454"
                    VPOS="632"
                    WIDTH="1097"
                    HEIGHT="74">
            <Shape><Polygon POINTS="454 675 454 651 495 637 514 651 575 651 594 637 618 637 637 651 683 651 697 637 806 651 823 635 868 649 959 649 973 635 1011 635 1032 649 1166 649 1189 632 1268 632 1289 647 1351 637 1375 647 1454 647 1466 635 1504 632 1525 647 1549 647 1551 668 1542 701 1194 692 1128 694 1118 704 1025 694 856 704 837 694 799 706 773 697 704 706 545 697 535 706 523 697 454 697"/></Shape>
	    <String CONTENT="tres ſainctes &amp; profannes &amp; de toute ſor"
                    HPOS="454"
                    VPOS="632"
                    WIDTH="1097"
                    HEIGHT="74"></String>
          </TextLine>

          
          
          <TextLine ID="eSc_line_9a2f8e91"
                    TAGREFS="LT1"
                    BASELINE="454 770 1551 763" 
                    HPOS="449"
                    VPOS="706"
                    WIDTH="1100"
                    HEIGHT="76">
            <Shape><Polygon POINTS="452 751 449 728 475 716 525 728 575 716 621 728 637 711 702 711 749 728 763 716 809 728 842 713 852 723 897 725 928 708 1006 708 1016 718 1047 711 1073 725 1118 718 1178 725 1220 706 1275 706 1294 723 1387 723 1413 706 1451 720 1482 706 1508 723 1546 720 1549 744 1549 773 1520 777 1461 777 1446 766 1423 777 1304 777 1278 768 1263 777 1173 770 1161 780 1132 770 1109 780 1090 768 1078 780 1025 780 1009 768 916 768 887 780 871 768 730 782 716 773 699 782 616 773 606 782 594 773 514 780 452 770"/></Shape>
	    <String CONTENT="te treſbien merité &amp; auec lequel des"
                    HPOS="449"
                    VPOS="706"
                    WIDTH="1100"
                    HEIGHT="76"></String>
          </TextLine>

          
          
          <TextLine ID="eSc_line_032ccbbf"
                    TAGREFS="LT1"
                    BASELINE="449 844 1549 844" 
                    HPOS="449"
                    VPOS="789"
                    WIDTH="1100"
                    HEIGHT="72">
            <Shape><Polygon POINTS="449 825 449 794 464 789 502 801 573 801 583 792 633 801 692 792 704 801 797 801 821 789 849 799 909 789 921 801 1016 789 1028 801 1061 801 1073 789 1106 789 1130 801 1161 792 1216 801 1254 789 1280 801 1294 789 1342 801 1354 792 1413 801 1442 789 1473 801 1549 801 1549 846 1463 846 1446 858 1435 849 1404 856 1370 846 1356 861 1306 849 1285 861 1247 861 1218 846 1163 846 1149 861 1128 861 1113 849 1051 856 1032 846 1020 856 1001 846 954 858 928 849 916 861 880 846 825 861 778 861 754 849 740 861 656 861 640 849 616 861 606 851 594 861 535 861 516 846 497 861 449 849"/></Shape>
	    <String CONTENT="long temps par lettres i’ay acquis vne a¬"
                    HPOS="449"
                    VPOS="789"
                    WIDTH="1100"
                    HEIGHT="72"></String>
          </TextLine>

          
          
          <TextLine ID="eSc_line_cd1146e6"
                    TAGREFS="LT1"
                    BASELINE="454 920 1546 915" 
                    HPOS="452"
                    VPOS="861"
                    WIDTH="1092"
                    HEIGHT="74">
            <Shape><Polygon POINTS="452 901 452 877 468 868 485 877 549 877 587 863 614 873 661 863 683 877 752 863 778 877 863 877 887 863 932 863 947 873 959 863 973 877 1001 861 1054 863 1073 875 1125 875 1147 861 1178 861 1192 875 1289 875 1308 861 1349 861 1363 875 1392 875 1404 863 1435 861 1449 875 1542 870 1544 896 1542 920 1501 930 1442 923 1299 932 1268 923 1206 932 1168 920 1013 920 975 932 942 923 930 935 849 935 821 923 773 932 647 923 628 935 566 923 549 935 506 935 452 925"/></Shape>
	    <String CONTENT="myable alliance. ) eſt cauſe que i’adiou¬"
                    HPOS="452"
                    VPOS="861"
                    WIDTH="1092"
                    HEIGHT="74"></String>
          </TextLine>

          
          
          <TextLine ID="eSc_line_bc93f0c9"
                    TAGREFS="LT1"
                    BASELINE="447 999 1546 999" 
                    HPOS="447"
                    VPOS="939"
                    WIDTH="1099"
                    HEIGHT="72">
            <Shape><Polygon POINTS="447 980 449 939 499 939 528 954 559 939 590 939 609 954 697 954 711 939 780 939 806 954 830 942 847 954 909 954 928 939 949 939 963 954 1044 954 1078 942 1113 954 1130 939 1154 954 1175 954 1189 939 1232 954 1270 939 1354 954 1546 954 1546 1011 1437 999 1420 1011 1375 1011 1366 1001 1289 1011 1261 996 1187 1011 1173 996 987 1008 921 996 890 1006 811 999 782 1011 754 1011 742 999 678 1006 661 996 633 1011 466 1011 447 996"/></Shape>
	    <String CONTENT="ſte foy a Morus homme de ſoy graue"
                    HPOS="447"
                    VPOS="939"
                    WIDTH="1099"
                    HEIGHT="72"></String>
          </TextLine>

          
          
          <TextLine ID="eSc_line_88b036ae"
                    TAGREFS="LT1"
                    BASELINE="449 1073 1549 1073" 
                    HPOS="449"
                    VPOS="1013"
                    WIDTH="1100"
                    HEIGHT="74">
            <Shape><Polygon POINTS="449 1053 449 1023 461 1027 480 1013 523 1030 556 1015 568 1027 604 1030 630 1013 642 1025 659 1013 668 1023 678 1013 742 1013 766 1030 821 1020 842 1030 925 1030 942 1013 959 1013 982 1030 1054 1030 1070 1013 1106 1013 1170 1025 1192 1013 1258 1013 1275 1030 1318 1030 1342 1013 1361 1030 1446 1013 1480 1030 1499 1015 1516 1030 1549 1030 1549 1075 1501 1087 1451 1075 1432 1087 1397 1087 1385 1075 1344 1087 1304 1075 1249 1084 1237 1075 1225 1087 1211 1077 1185 1087 1104 1075 1037 1087 1011 1075 887 1075 859 1087 790 1087 778 1075 737 1087 652 1077 635 1087 561 1087 549 1077 497 1087 487 1077 449 1087"/></Shape>
	    <String CONTENT="&amp; apuié de grande auctorité. A Dieu"
                    HPOS="449"
                    VPOS="1013"
                    WIDTH="1100"
                    HEIGHT="74"></String>
          </TextLine>

          
          
          <TextLine ID="eSc_line_41aa0a1b"
                    TAGREFS="LT1"
                    BASELINE="445 1149 1544 1149" 
                    HPOS="445"
                    VPOS="1089"
                    WIDTH="1099"
                    HEIGHT="79">
            <Shape><Polygon POINTS="445 1130 445 1101 456 1089 497 1089 514 1106 568 1096 578 1103 594 1089 647 1106 804 1106 832 1089 863 1103 880 1089 906 1089 930 1106 1051 1089 1061 1099 1099 1094 1113 1106 1130 1089 1151 1089 1173 1106 1208 1089 1251 1089 1275 1106 1375 1106 1392 1089 1427 1089 1470 1106 1494 1089 1544 1106 1544 1168 1506 1153 1485 1168 1418 1168 1401 1153 1349 1153 1335 1168 1280 1168 1256 1153 1228 1156 1216 1168 1185 1168 1156 1153 1139 1165 1104 1153 1063 1163 1042 1153 992 1168 963 1153 937 1168 918 1168 904 1153 840 1153 830 1163 821 1153 782 1153 763 1165 609 1153 568 1168 445 1156"/></Shape>
	    <String CONTENT="Lupſet mon treſaymé &amp; le plus toſt que"
                    HPOS="445"
                    VPOS="1089"
                    WIDTH="1099"
                    HEIGHT="79"></String>
          </TextLine>

          
          
          <TextLine ID="eSc_line_cf4f8d8e"
                    TAGREFS="LT1"
                    BASELINE="447 1227 1542 1220" 
                    HPOS="445"
                    VPOS="1163"
                    WIDTH="1094"
                    HEIGHT="78">
            <Shape><Polygon POINTS="445 1208 445 1184 461 1177 740 1182 761 1168 804 1177 813 1165 837 1175 899 1165 918 1180 937 1165 971 1165 999 1182 1054 1182 1075 1165 1109 1165 1125 1182 1170 1182 1225 1172 1261 1180 1285 1168 1308 1180 1327 1165 1373 1180 1394 1163 1425 1180 1492 1170 1518 1180 1532 1170 1539 1201 1537 1222 1489 1237 1444 1237 1430 1225 1394 1234 1373 1222 1230 1237 1175 1222 1137 1234 1097 1225 1078 1234 1054 1225 1035 1234 1011 1225 830 1225 794 1241 590 1227 568 1239 556 1232 547 1241 495 1241 445 1227"/></Shape>
	    <String CONTENT="tu pourras ſoit de bouche ou par lettre"
                    HPOS="445"
                    VPOS="1163"
                    WIDTH="1094"
                    HEIGHT="78"></String>
          </TextLine>

          
          
          <TextLine ID="eSc_line_e6496420"
                    TAGREFS="LT1"
                    BASELINE="445 1301 1537 1296" 
                    HPOS="442"
                    VPOS="1239"
                    WIDTH="1093"
                    HEIGHT="74">
            <Shape><Polygon POINTS="442 1282 442 1256 473 1256 487 1241 509 1253 547 1241 597 1256 633 1241 713 1241 730 1256 892 1256 913 1241 940 1241 951 1253 966 1241 994 1253 1073 1253 1111 1251 1123 1239 1187 1249 1228 1239 1244 1253 1275 1253 1311 1239 1323 1251 1339 1244 1394 1253 1418 1239 1466 1239 1532 1253 1535 1277 1532 1308 1518 1310 1451 1310 1439 1301 1344 1310 1335 1301 1313 1310 1247 1301 1216 1310 1032 1301 985 1313 909 1303 856 1313 442 1306"/></Shape>
	    <String CONTENT="recõmãde moy a Linacer qui eſt vne lu¬"
                    HPOS="442"
                    VPOS="1239"
                    WIDTH="1093"
                    HEIGHT="74"></String>
          </TextLine>

          
          
          <TextLine ID="eSc_line_c6a6692e"
                    TAGREFS="LT1"
                    BASELINE="447 1377 1537 1372" 
                    HPOS="445"
                    VPOS="1313"
                    WIDTH="1090"
                    HEIGHT="78">
            <Shape><Polygon POINTS="445 1358 445 1334 461 1322 514 1325 523 1315 614 1334 647 1315 713 1315 749 1334 782 1334 823 1315 842 1334 913 1334 937 1315 1049 1332 1106 1313 1135 1332 1206 1332 1232 1313 1313 1313 1351 1332 1401 1318 1420 1329 1442 1313 1458 1329 1532 1332 1535 1353 1532 1377 1489 1389 1444 1389 1418 1377 1394 1389 1368 1379 1313 1389 1287 1377 1266 1389 1244 1375 1211 1387 1128 1375 1044 1389 987 1389 961 1377 947 1387 901 1379 882 1391 861 1377 832 1391 756 1391 737 1382 725 1389 713 1379 668 1391 614 1377 583 1391 537 1391 523 1382 483 1391 445 1377"/></Shape>
	    <String CONTENT="miere d’Angleterre quãt aux bõnes let¬"
                    HPOS="445"
                    VPOS="1313"
                    WIDTH="1090"
                    HEIGHT="78"></String>
          </TextLine>

          
          
          <TextLine ID="eSc_line_5a2cda12"
                    TAGREFS="LT1"
                    BASELINE="454 1453 1535 1453" 
                    HPOS="454"
                    VPOS="1394"
                    WIDTH="1081"
                    HEIGHT="71">
            <Shape><Polygon POINTS="454 1434 454 1408 497 1408 516 1394 542 1408 637 1408 654 1394 678 1394 692 1408 782 1398 794 1408 854 1398 894 1408 935 1398 961 1408 975 1394 1006 1394 1025 1408 1059 1396 1075 1408 1106 1408 1125 1394 1228 1394 1242 1408 1356 1408 1370 1398 1416 1408 1439 1394 1480 1396 1492 1408 1508 1394 1535 1403 1535 1456 1518 1465 1373 1465 1337 1453 1232 1465 1166 1463 1154 1453 1030 1456 1020 1465 997 1453 949 1465 901 1453 842 1465 828 1456 790 1465 773 1453 752 1465 692 1453 652 1465 525 1465 454 1453"/></Shape>
	    <String CONTENT="tres, qui ne ſera comme i’eſpere moins"
                    HPOS="454"
                    VPOS="1394"
                    WIDTH="1081"
                    HEIGHT="71"></String>
          </TextLine>

          
          
          <TextLine ID="eSc_line_5b9e42de"
                    TAGREFS="LT1"
                    BASELINE="447 1529 1532 1529" 
                    HPOS="447"
                    VPOS="1470"
                    WIDTH="1085"
                    HEIGHT="69">
            <Shape><Polygon POINTS="447 1510 447 1470 475 1484 537 1470 599 1484 816 1484 832 1470 863 1470 878 1484 899 1475 949 1484 968 1472 990 1484 1192 1484 1228 1470 1273 1470 1287 1484 1316 1470 1337 1470 1351 1484 1423 1484 1449 1470 1532 1470 1532 1529 1508 1539 1458 1539 1444 1529 1425 1539 1394 1529 1382 1539 1373 1529 1335 1539 1220 1529 1199 1539 1090 1539 1075 1529 890 1529 871 1539 832 1539 823 1529 785 1539 759 1529 718 1539 609 1539 597 1529 564 1539 447 1534"/></Shape>
	    <String CONTENT="noſtre que voſtre car certes il eſt vn hõ"
                    HPOS="447"
                    VPOS="1470"
                    WIDTH="1085"
                    HEIGHT="69"></String>
          </TextLine>

          
          
          <TextLine ID="eSc_line_d9ce171b"
                    TAGREFS="LT1"
                    BASELINE="447 1598 1530 1605" 
                    HPOS="445"
                    VPOS="1539"
                    WIDTH="1085"
                    HEIGHT="78">
            <Shape><Polygon POINTS="447 1579 447 1555 466 1551 630 1558 652 1546 678 1558 713 1539 780 1548 802 1539 823 1560 875 1560 885 1551 944 1560 963 1541 1001 1560 1030 1560 1070 1544 1139 1541 1170 1563 1225 1563 1261 1544 1287 1544 1318 1563 1358 1558 1373 1544 1404 1560 1435 1544 1527 1544 1530 1586 1527 1605 1444 1617 1432 1605 1263 1617 1197 1605 1113 1615 1082 1603 1054 1613 1023 1603 937 1613 928 1603 904 1615 890 1605 875 1615 813 1615 804 1603 733 1613 716 1601 654 1613 583 1613 559 1601 537 1613 466 1613 445 1603"/></Shape>
	    <String CONTENT="me entre biẽ peu de ceulx auſquelz biẽ"
                    HPOS="445"
                    VPOS="1539"
                    WIDTH="1085"
                    HEIGHT="78"></String>
          </TextLine>

          
          
          <TextLine ID="eSc_line_0af43554"
                    TAGREFS="LT1"
                    BASELINE="449 1674 1527 1679" 
                    HPOS="447"
                    VPOS="1622"
                    WIDTH="1080"
                    HEIGHT="69">
            <Shape><Polygon POINTS="449 1655 449 1632 502 1634 521 1622 547 1622 559 1634 625 1634 637 1622 709 1634 747 1634 759 1622 792 1622 804 1634 840 1622 894 1634 956 1622 968 1634 987 1622 1037 1636 1059 1636 1070 1624 1099 1636 1163 1636 1175 1624 1197 1624 1208 1636 1242 1627 1385 1636 1408 1624 1435 1636 1449 1627 1525 1636 1527 1660 1525 1682 1475 1691 1416 1682 1404 1691 1387 1682 1306 1682 1297 1691 1251 1682 1059 1691 1040 1682 997 1691 987 1679 961 1689 921 1679 901 1689 859 1689 849 1679 806 1689 756 1689 747 1679 704 1689 666 1679 649 1689 640 1679 630 1689 471 1689 447 1677"/></Shape>
	    <String CONTENT="voluntiers ſi ie puis ie me donne a con¬"
                    HPOS="447"
                    VPOS="1622"
                    WIDTH="1080"
                    HEIGHT="69"></String>
          </TextLine>

          
          
          <TextLine ID="eSc_line_23145103"
                    TAGREFS="LT1"
                    BASELINE="452 1748 1527 1760" 
                    HPOS="449"
                    VPOS="1691"
                    WIDTH="1078"
                    HEIGHT="81">
            <Shape><Polygon POINTS="452 1729 452 1705 561 1708 578 1691 616 1691 635 1705 671 1710 804 1710 863 1693 885 1713 956 1713 978 1696 1023 1696 1063 1713 1116 1698 1144 1715 1223 1698 1254 1713 1275 1703 1323 1713 1335 1701 1361 1701 1380 1715 1401 1701 1492 1701 1525 1710 1527 1741 1525 1760 1458 1770 1389 1760 1351 1770 1308 1758 1289 1772 1263 1772 1249 1758 1208 1758 1175 1772 1128 1772 1097 1755 1054 1767 1042 1755 1018 1765 959 1755 923 1767 892 1755 818 1767 742 1753 697 1767 654 1753 621 1765 590 1755 554 1765 449 1762"/></Shape>
	    <String CONTENT="gnoiſtre, a cauſe meſmes que quãt il de"
                    HPOS="449"
                    VPOS="1691"
                    WIDTH="1078"
                    HEIGHT="81"></String>
          </TextLine>

          
          
          <TextLine ID="eSc_line_6af009c4"
                    TAGREFS="LT1"
                    BASELINE="445 1827 1525 1831" 
                    HPOS="442"
                    VPOS="1772"
                    WIDTH="1083"
                    HEIGHT="71">
            <Shape><Polygon POINTS="445 1808 445 1784 521 1786 549 1774 568 1786 730 1786 763 1772 775 1784 818 1786 835 1772 916 1772 932 1786 942 1777 987 1786 1016 1774 1047 1789 1068 1774 1109 1786 1151 1774 1166 1789 1261 1789 1287 1774 1354 1789 1377 1779 1449 1789 1473 1777 1523 1789 1525 1812 1523 1836 1508 1843 1485 1831 1427 1843 1387 1831 1368 1841 1351 1831 1261 1831 1249 1843 1106 1831 1075 1843 1018 1843 1001 1831 987 1841 973 1831 937 1841 913 1831 782 1841 740 1829 725 1841 661 1829 630 1841 490 1841 442 1827"/></Shape>
	    <String CONTENT="meureroit icy il hantoit bien fort auec"
                    HPOS="442"
                    VPOS="1772"
                    WIDTH="1083"
                    HEIGHT="71"></String>
          </TextLine>

          
          
          <TextLine ID="eSc_line_58f49a97"
                    TAGREFS="LT1"
                    BASELINE="445 1903 1523 1908" 
                    HPOS="442"
                    VPOS="1841"
                    WIDTH="1081"
                    HEIGHT="78">
            <Shape><Polygon POINTS="445 1884 445 1841 492 1843 502 1853 528 1843 547 1858 637 1858 671 1843 687 1858 730 1843 825 1858 844 1843 868 1843 882 1855 923 1858 1104 1846 1120 1860 1223 1860 1235 1848 1254 1855 1266 1846 1304 1860 1342 1846 1370 1860 1399 1846 1423 1860 1518 1855 1523 1889 1520 1915 1499 1919 1475 1910 1394 1919 1361 1910 1258 1910 1247 1919 1097 1910 1023 1919 971 1908 868 1908 837 1917 823 1908 797 1917 547 1908 530 1917 456 1917 442 1908"/></Shape>
	    <String CONTENT="Iehan du Ruel mon bien aymé &amp; au"
                    HPOS="442"
                    VPOS="1841"
                    WIDTH="1081"
                    HEIGHT="78"></String>
          </TextLine>

          
          
          <TextLine ID="eSc_line_b7ba7be5"
                    TAGREFS="LT1"
                    BASELINE="449 1979 1518 1984" 
                    HPOS="447"
                    VPOS="1922"
                    WIDTH="1071"
                    HEIGHT="71">
            <Shape><Polygon POINTS="449 1960 449 1927 480 1939 545 1936 564 1922 609 1931 628 1922 649 1939 773 1929 799 1939 813 1929 899 1939 923 1924 966 1922 985 1939 1037 1936 1054 1924 1073 1936 1116 1929 1130 1941 1149 1941 1168 1924 1194 1924 1208 1939 1287 1924 1304 1941 1370 1941 1397 1924 1451 1924 1477 1941 1516 1941 1518 1965 1516 1981 1480 1993 1373 1981 1163 1993 1151 1984 985 1993 930 1984 863 1991 847 1981 680 1991 666 1981 625 1988 599 1979 509 1988 447 1977"/></Shape>
	    <String CONTENT="quel je communiquoye de mes eſtu¬"
                    HPOS="447"
                    VPOS="1922"
                    WIDTH="1071"
                    HEIGHT="71"></String>
          </TextLine>

          
          
          <TextLine ID="eSc_line_179df76a"
                    TAGREFS="LT1"
                    BASELINE="442 2057 1513 2057" 
                    HPOS="442"
                    VPOS="2003"
                    WIDTH="1071"
                    HEIGHT="69">
            <Shape><Polygon POINTS="442 2038 442 2015 461 2003 516 2015 554 2005 585 2015 756 2015 797 2003 930 2003 942 2015 956 2003 973 2015 985 2003 1020 2003 1040 2015 1059 2005 1068 2015 1292 2015 1304 2003 1332 2015 1363 2003 1387 2003 1399 2015 1513 2012 1513 2060 1485 2060 1473 2072 1318 2072 1308 2062 1275 2072 1261 2062 1239 2072 1075 2072 1063 2060 999 2069 925 2062 901 2072 861 2072 849 2060 794 2060 782 2072 737 2072 718 2060 671 2072 616 2060 594 2072 554 2072 504 2060 466 2072 442 2060"/></Shape>
	    <String CONTENT="des par ce auſſi que ſur tout ie m’eſmer¬"
                    HPOS="442"
                    VPOS="2003"
                    WIDTH="1071"
                    HEIGHT="69"></String>
          </TextLine>

          
          
          <TextLine ID="eSc_line_cbdf976d"
                    TAGREFS="LT1"
                    BASELINE="442 2129 1518 2136" 
                    HPOS="440"
                    VPOS="2069"
                    WIDTH="1078"
                    HEIGHT="77">
            <Shape><Polygon POINTS="442 2110 442 2084 518 2086 545 2069 592 2086 637 2084 652 2069 678 2086 706 2086 733 2069 749 2086 802 2088 918 2086 942 2072 1023 2072 1054 2084 1082 2072 1097 2086 1161 2091 1187 2074 1247 2091 1287 2074 1316 2091 1349 2077 1361 2088 1480 2074 1496 2091 1516 2091 1518 2117 1516 2143 1506 2146 1454 2136 1408 2136 1394 2146 1339 2136 1316 2146 1216 2146 1199 2136 1161 2146 1132 2134 1101 2143 1054 2143 1044 2134 1001 2143 802 2143 640 2131 461 2141 440 2131"/></Shape>
	    <String CONTENT="ueille de ſon excellẽt ſçauoir &amp; exacte"
                    HPOS="440"
                    VPOS="2069"
                    WIDTH="1078"
                    HEIGHT="77"></String>
          </TextLine>

          
          
          <TextLine ID="eSc_line_c84616d1"
                    TAGREFS="LT1"
                    BASELINE="442 2207 1516 2207" 
                    HPOS="442"
                    VPOS="2146"
                    WIDTH="1074"
                    HEIGHT="78">
            <Shape><Polygon POINTS="442 2188 442 2165 471 2146 545 2148 573 2162 614 2146 628 2160 644 2155 659 2165 694 2153 785 2165 804 2146 844 2157 890 2146 909 2165 994 2165 1023 2146 1066 2146 1085 2160 1104 2148 1182 2146 1206 2165 1316 2165 1356 2146 1380 2162 1418 2162 1444 2148 1475 2165 1516 2165 1516 2212 1466 2224 1258 2224 1242 2212 1228 2224 1125 2212 1099 2222 1078 2212 1061 2224 1025 2212 1004 2222 982 2212 949 2222 894 2215 875 2224 818 2212 802 2224 780 2212 694 2212 683 2222 661 2212 621 2224 602 2212 585 2224 525 2224 504 2212 466 2222 442 2212"/></Shape>
	    <String CONTENT="diligẽce &amp; m’efforce de l’ẽſuyure, ie de¬"
                    HPOS="442"
                    VPOS="2146"
                    WIDTH="1074"
                    HEIGHT="78"></String>
          </TextLine>

          
          
          <TextLine ID="eSc_line_f7cf3f70"
                    TAGREFS="LT1"
                    BASELINE="440 2279 1511 2286" 
                    HPOS="437"
                    VPOS="2219"
                    WIDTH="1074"
                    HEIGHT="100">
            <Shape><Polygon POINTS="440 2260 440 2226 466 2219 516 2238 614 2238 635 2219 675 2219 694 2238 761 2226 799 2241 847 2241 878 2222 932 2241 968 2241 999 2222 1037 2241 1082 2236 1106 2222 1154 2222 1199 2243 1239 2224 1261 2224 1275 2238 1313 2224 1337 2243 1392 2243 1413 2226 1454 2224 1470 2241 1508 2243 1511 2267 1508 2295 1494 2305 1323 2295 1278 2319 1225 2295 1166 2317 1104 2293 1056 2312 1020 2293 968 2293 959 2303 937 2298 918 2317 875 2293 854 2293 821 2317 752 2300 733 2314 525 2314 502 2298 437 2298"/></Shape>
	    <String CONTENT="ſire auſſy que cõme iay diſt, de bouche."
                    HPOS="437"
                    VPOS="2219"
                    WIDTH="1074"
                    HEIGHT="100"></String>
          </TextLine>

          
          
          <TextLine ID="eSc_line_9290d85d"
                    TAGREFS="LT1"
                    BASELINE="1418 2364 1511 2364" 
                    HPOS="1418"
                    VPOS="2314"
                    WIDTH="93"
                    HEIGHT="74">
            <Shape><Polygon POINTS="1418 2345 1418 2324 1437 2317 1463 2324 1496 2314 1511 2324 1511 2388 1446 2388 1418 2376"/></Shape>
	    <String CONTENT="ou"
                    HPOS="1418"
                    VPOS="2314"
                    WIDTH="93"
                    HEIGHT="74"></String>
          </TextLine>

          
        </TextBlock>
        

        
      </PrintSpace>
    </Page>
  </Layout>
</alto>
