1592 2825
82 193 1031 96 De la deſcription de l'iſſe d’Vthopie.

56 306 1062 75 uers ( ainſi que l’opportunitè ſe donnoit ) &

54 376 1066 64 comme i’eſtois en ce lieu Pierre Gilles natit'

51 437 1067 73 da la dicte ville ieune perſonnaige de credit,

44 506 1079 75 collocqué en honneſte lieu, ( combien qu il

58 572 1062 61 euſt encore mieulx meritè) ſouuent entre au¬

58 637 1065 66 ltres me vint veoir, mais je ne veiz homme de¬

61 701 588 71 quoy je fuſſe plus haicté.

58 762 1067 73 Certes ie ne ſçay ſi ce ieune homme icy eſtoit

58 831 707 73 plus docte que bien moriginé.

54 894 1074 73 §Mais ie reſpons qu’il eſtoit treſbon & treſca

56 962 1072 64 uant, courtois enuers tous, & ſingulierement

58 1028 1072 64 enuers ſes amys d’un coeur intentif, d’vne a¬

56 1089 1072 71 mour, dvne fidelité, & d vne affection tant pu

56 1158 1072 68 re, qu’a grand peine trouueroit on en tout le

58 1221 1072 71 monde perſonnaige comparable à luy en tou

56 1287 469 61 tes ſortes d’amitié.

58 1348 1072 71 §En luy eſtoit honte honneſte, qu’on ne trou

61 1419 1071 66 ue guere à gens d'Authorité. Il n’eſtoit point

56 1478 1072 73 fainct, ains ſimple & prudent, vn parler btief

58 1549 1065 65 & rond, vn propos tant facecieux ſans nuyre.

63 1612 1062 66 à perſonne, qu’il me diminua pour la plus

63 1673 1057 73 grande part de ſon amoureuſe frequẽtatiã &

63 1742 1060 66 doux entretien, le deſir que ſcauois de reuoir

61 1805 1062 68 mon pays, ma maiſon, ma femme, & mes en¬

63 1871 1057 68 fantz, de quoy i’eſtois en grand ennuy, car il y

61 1935 1067 70 auoit plus de quatre mois que i’eſtois ab¬

58 1993 139 69 ſent.

65 2059 1067 73 § Or cõme quelque iour i’eſtois en l'egliſe de

63 2125 1065 73 noſtre dame, (qui eſt vn fort beau temple,

68 2194 1062 77 bien honoré & frequenté du peuple ) pour il¬

687 2255 134 89 A iii

1033 2252 92 95 Iec

1201 228 37 89 3
