1614 2870
641 210 484 88 Le prtmier liure.

423 308 1104 89 lec ouyr la meſſe, à la fin de la meſſe prepa¬

428 382 1083 77 rant mon retour à mon hoſtellerie, de hazard,

428 444 1085 79 i'aduiſay ledict PierreGilles qui deuiſoit auec

431 518 1087 72 quelque amy eſtrangier, qui eſtoit deſia aagè,

431 581 1084 71 avant le viſaige haſlé, longue barbe, & ſon

433 645 1078 77 manteau pendant de deſſus ſes eſpaules aſ¬

431 712 1089 72 ſez nõchalanmẽt, qui à ſon habit & víaire me

431 777 1084 67 ſembla eſtre vn Marinier. Or quãt Pierre Gil¬

433 841 1082 77 Ies eut iecté loeil ſus moy il me vient ſaluer,

435 906 1088 79 & ainſi que ie me diſpoſois à luy reſpondre, il

433 978 1085 71 me rõpit vn peu ma parolle, diſant. Amy vois

438 1047 1085 65 tu ce perſonnaige la(me monſtrant celuy a¬

435 1109 1083 72 uec lequel ie lauois veu parler ) ie le vouloys

435 1174 1083 69 mener á ton hoſtellerie. Pour lamour de toy,

440 1241 1083 67 diſie, il euſt eſte le treſbien venu: Mais dit il ſi

440 1308 1080 69 tu le cognoiſſois pour lamour de luy tu luy

440 1370 1083 69 euſſe faict bon recueil. Certes entre les vi¬

440 1437 1078 72 uantz il nya homme mortel, qui pour le iour¬

443 1504 1082 72 dhuy te ſçeut autant narrer dhyſtoires dhom

443 1571 1082 67 mes & terres incongnues comme il fera: de

447 1633 1080 74 quoy ie te cognois eſtre fort deſireux douir

447 1700 1080 67 telles choſes. Ie nauois donc point mal deui

445 1765 1080 71 né car des que je le vey ie iugay que ceſtoit vn

447 1834 1076 64 nautonnier: Tu eſtois bien loing de ton com¬

452 1898 1075 70 pte dict il? Biẽ eſt il vray que ceſtuy à eſté ſus

445 1963 1080 72 la Mer non comme Palinurus, mais comme

454 2025 594 70 Vlixes, ou comme Plato.

447 2087 1073 79 Il ſe nomme Raphael, & le ſurnom de ſa ra¬

447 2159 1078 72 ce eſt Hythlodeus, perſonnaige non indo¬

447 2221 1078 77 cte en la langue latine, en grec treſcauant, ou

447 2288 1076 89 il a plus eſtudiè qu’en latin, pour ce qu’il

1329 2358 184 76 ſ’eſtoit
