1595 2825
108 193 978 94 De la deſcription de l'Iſle d'Vtopie.

1199 218 54 80 4

1161 1666 179 90 Apothe¬

1161 1744 92 61 mes.

75 296 1065 78 ſ'eſtoit totalement adonné à philoſophie:

77 369 1063 68 car on ne trouue entre les eſcripz latins

77 433 1063 68 touchãt Phliſopie, choſe qui ſoit d'eſſicace

80 501 1057 73 fors quelque choſe qu’a faict Senecque &

80 565 200 68 Cicero.

75 623 1058 76 § Doncques ceſtuy Portugalois à delaiſſé

77 699 1056 66 tout ce qu’il luy pouoit apartenir de ſon pa¬

75 760 1058 66 trimoine à ſes freres , & pour la bonne enuie

77 826 1051 66 qu’il auoit de veoir le monde ſ'eſt acompai¬

80 887 1043 75 gné Daymery Veſpuce, & à eſtè touſ¬

73 955 1060 71 iours ſon compagnon au troys derniers de

75 1024 1060 68 ces quatre Nauigaĩges quon lit maintenant

75 1087 1060 68 cà & là ſi non quau dernier il ne reuint point

73 1151 494 68 auec ledict Aymery.

70 1212 1060 73 * Il le pria, tant & importuna quil fuſt du

70 1280 1058 73 nombre des vingt & quatre compaignons,

70 1346 1056 68 qui auoient eſté delaiſſez en Caſtille pour fai¬

70 1407 669 73 re le quatrieme Nauigaige.

73 1473 1062 73 Doncques ceſtuy Raphael demeura auec leſ

70 1534 1060 76 dictz compaignons, affin quon obeiſt à ſa fan

73 1605 1057 68 taſie, lequel eſtoit plus ſoucieux de ſa pere¬

70 1666 1067 73 grination, que du lieu où il pourroit eſtre en¬

63 1732 1072 73 ſepuely, ayant continuellement en la bouche

70 1800 1060 71 ce mot. Celuy qui na point de tombeau pour

73 1864 1010 71 couurir ſes os, il a le ciel pour couuerture.

75 1923 1051 82 Dauãtaige diſoit quil ny auoit point plus lõg

75 1991 1058 78 chemin du fond de la Mer iuſques en Paradis,

75 2057 1060 75 que du coupeau de la terre ou aultre lieu.

75 2123 1065 75 Certes ſi Dieu ne luy euſt bien aydé ſa

70 2189 912 85 fantaſie luy euſt couſté bien cher.

621 2257 147 90 A iiii

996 2260 139 75 *Or
