1602 2867
602 198 497 88 Le premier liure.

435 296 1080 93 § Or apres qu’il ſe fut departy d’auec veſpu¬

439 377 1081 74 ce, auec cinq Caſtillans ſes compaignons, il

442 441 1081 75 paſſa par tout plein de regions: finalement

439 506 1081 76 de merueilleuſe fortune fut porté en l’Iſle de

451 575 1072 70 Taprobane, puis paruint en Calicquut, ou il

442 642 1081 69 trouua bien apoinct quelques nauires de Por

442 709 1078 72 tugalloys, qui oultre ſon eſperance le Repor

442 776 751 69 terent en ſon pais de Portugal.

444 836 1079 69 § Apres que ledict Pierre m’eut dit ces cho¬

442 903 1083 74 ſes, ie le remercié de m’auoir faict ce bien d’a

442 970 1083 74 uoir eu ceſt eſgard, que i'euſſe le plaiſir d’ouir

444 1039 1086 69 les propos de ceſt homme, leſquelz, il eſperoit

442 1103 1083 72 m’eſtre agreables. Ces choſes faictes ie me

447 1175 1085 64 tourne vers Raphaél, puis apres que nous euſ

447 1237 1083 65 mes ſalué l'vn l’aultre, & tenu les deuiz qu’õ

444 1302 1081 69 a acouſtumé de tenir à L’arriuée, quand on

444 1368 1081 72 faict la reuerence à quelque amy, nous tran¬

444 1433 1083 67 ſportames à mon logis, de la nous allaſmes

447 1498 1080 66 ſeoir au jardin ſus vn ſiege qui eſtoit faict

444 1564 1079 70 d’herbe, & commẽcames a deuiſer: entre aul

447 1629 1083 72 tres choſes ledict Raphaël nous compta qu’a

451 1698 1084 69 pres que Veſpuce fut party. Luy & ſes compai¬

449 1763 1078 69 nons de quoy l’ay parlé deuant, qui eſtoient

451 1832 1081 64 demeurez en Caſtille, paruindrent en tout

454 1896 1073 70 plein de pays eſtranges, & comme petit à pe

454 1963 1076 65 tit en parlant doulcement auec les gens deſ¬

451 2023 1079 72 dictz pays ſe donnerent à cognoiſtre, de ſorte

456 2092 1074 70 que maintenant ſans dangier familierement

456 2157 729 69 conuerſent auec ledict peuple.

459 2221 1068 91 § D'auantaige nous dit comme il entrerent

1389 2291 134 76 en la
