2821 4324
346 1448 1436 97 Quand Stace lit ſer vers, leurs forces nompareilles

342 1531 1403 79 Faiſant rompre les bancs, ont charmé les oreilles:

346 1607 1306 86 Mais ſi quelque bouffon ne leur prette la main,

342 1679 1191 83 Si Pâris ne les aime, il les récite en vain.

346 1762 1158 79 Agâve eſt un ſujet inconnu ſur la Scene,

342 1834 1274 82 Bien que digne du jour ſortant de cette veine.

335 1902 1273 87 Si Pâris le rejette, on n’en fait point d’eſtat.

339 1981 1313 83 Cét affranchi plus grand que Roy ni Potentat,

339 2050 1482 90 Départ comme il luy plaiſt tous les biens de la Terre,

342 2129 1411 83 Les honneurs de la Paix: les emplois de la guerre.

339 2201 1695 90 Et un peu plus bas, ſans rien ménager à l’égard de cét injuſte

494 2284 223 72 favori,

342 2352 1342 83 Nous avons d’un farceur, dont il faut s’étonner,

339 2428 1497 87 Ce que les grands Seigneurs ne nous ſçauroient donner.

342 2504 1299 86 Qui te fait rechercher, avecque tant de preſſe,

346 2583 1226 72 Les Camerins, Barée, & la haute Nobleſſe ?

339 2652 1327 86 Pelops & Philomele ont fait pour quelques-uns,

339 2731 1197 83 Celuy-cy des Préfets, Celle-là des Tribuns.

342 2871 1703 90 C’eſt donc bien hardiment que quelqu’un oze prononcer

277 2951 1761 90 que Stace n’eſt pas un grand Poëte, & que la langue Latine

281 3034 1753 82 a dégeneré dans ſes Ouvrages, ne mettant l’eſſentiel de ſa

277 3106 1764 82 Poëſie que dans la grandeur des termes, & dans la magniſi¬

274 3181 1760 87 cence des paroles ( un Critique de nos jours s’en eſt expliqu¬

274 3253 1760 90 de la ſorte. ) Mais peut-eſtre n’en doit-il pas eſtre crû. Et tout

277 3329 1761 90 le monde ſçait que Iules Ceſar Scaliger, qui met Stace dans

274 3405 1760 97 Ie premier rang pour la Poëſie latine aprés Virgile, eſt bien

277 3484 707 83 éloigné de ce ſentiment.

346 3563 1692 79 Son Achileïde eſt un Poëme charmant pour toutes les ten¬

281 3628 1760 115 dreſſes qui s’y rencontrent: & ſa Thebaïde en eſt un autre

1670 3711 137 112 A ij

588 363 1093 127 PETITE PREFACE.

367 529 1696 101 Q’Eſt une choſe étonnante, que Martial quia parlé de tant

411 612 1638 90 A ade perſonnes illuſtres de ſon temps, n’ait rien dit de Stace

277 691 1779 83 qui écrivoit comme luy avec tant de reputation ſous l’Empire

277 771 1775 86 de Domitien: Et que Stace auſſi n’ait point parlé de Martial

277 846 1775 83 dans ſes Silves, où’il a loüé en tant de lieux les meſmes per¬

281 922 1775 86 ſonnages que Martial a celebrez dans ſes Epigrammes. Cela¬

274 998 1775 86 peut eſtre arrivé, de ce qu’il y avoit quelque mauvaiſe intel¬

277 1073 1772 90 Tigence entre ces, deux beaux Eſprits, ſans qu’ils ſe ſoient

281 1149 1764 86 pourtant hais juſques au point de ſe déchirer, ou tout moins

281 1228 1775 80 d’écrite l’un contre l’autre. Mais Juvenal ami commun de tous

270 1300 1710 94 les deux a dit clairement de Stace dans ſa ſeptiéme Satvre.

2012 324 47 86 3
