1622 2822
49 192 989 94 De la deſcription de l’Iſle d'Vtopie.

1094 223 33 87 5

54 305 1050 75 en la grace de quelque prince, dont i’ay ou¬

54 369 1043 75 blié le pays & le nom, par la liberalité duquel

49 437 1045 73 leur eſtoient miniſtréz viures, & toutes aul¬

51 500 1048 76 tres choſes requiſes afaire le voyage de luy

51 569 1053 73 & de cinq ſiens comqaignons. Quand ilz ſe

51 630 1050 73 mettoient ſur terre il leur faiſoit bailler cha¬

54 700 1035 71 riot pour les porter, puis quãd eſtoit beſoing

49 764 1050 68 de ſe mettre ſur l’eau ilz vſoient de nauires.

44 825 1057 66 Oultre leur eſtoit touſiours baillé certaine

51 891 1048 73 & fidele guide de par ledict prince qui les cõ

51 959 1050 73 duiſoit aux aultres princes, & les recomman¬

49 1025 136 68 doit.

49 1086 1055 75 § Or apres auoir cheminé pluſieurs iours,

51 1154 1046 68 dit qu’ilz trouuerent quelques villes & citéz

51 1218 1050 73 fort peuplées, & aſſez bien regies & riglées

51 1286 1050 68 ſoubz la ligne de l’Equinoxe deca & dela,

51 1349 1048 69 des deux coſtez, autant que la voie du Soleil

54 1415 1050 68 peut quaſi comprendre d’eſpace, ce ne ſont

51 1476 1046 76 que grandz deſertz bruſlez de chaleur conti¬

54 1545 1047 65 nue, de tous coſtez y a vn regard,& vne appa

51 1606 1048 68 rence de choſes tuiſtes, horribles, ſans culture

54 1672 1045 70 & ordre: le tout habité de beſtes cruelles, ſer¬

58 1742 1043 66 pentz, ou hommes, qui ne ſont certes moins

58 1806 944 65 cruelz & dangereux que leſdictes beſtes.

56 1869 1048 71 § Puis nous dit ledict Raphaël que quand fu

58 1930 1048 73 rent paſſéz leſdictz deſertz, & pays inhabité.

61 2005 1043 64 trouuerent vn pays qui petit à petit chan¬

63 2062 1043 70 geoit, & ſ’adoulciſſoit: lair en ce lieu eſtoit

58 2130 1043 68 moins aſpre, la terre doulce & ioyeuſe de

61 2194 1043 70 verdeur, les animaux plus humains. Finale¬

58 2259 1048 83 ment on vient à trouuer peuples, villes & ci¬

1002 2330 104 73 téz,
