1644 2870
677 205 500 89 Le premiet liure.

507 310 1079 79 tez, ou ſe demenent marchandiſes & trafic¬

509 389 1075 72 ques,non ſeulement entre les voiſins, ains a¬

512 459 1076 67 uec les nations fort eſlongnées & ſeparées,

512 526 1076 67 tant par Mer que par terre. Par quoy ilz eu¬

504 588 1084 69 rrent liberté & puiſſance deviſiter maintes ter

507 652 1084 75 res, tant dedans que dehors ledict pais, & meſ

502 719 1086 72 mes nulle nauire neſtoit dreſſée & equippée à

507 786 1081 72 quelque nauigaige que ce fuſt, ou luy & ſes

507 856 1086 64 compaignons ne fuſſent receux de bien bon

507 918 1079 69 coeur. Aux premieres Regions ou ilz entre¬

504 982 1082 65 rent, les nauires eſtoient faictes à fond de cu¬

504 1049 1084 70 ue, & auoient les voiles treſſées de loncz, Ro

504 1114 1082 69 ſeaux, & aultre bois mol flexile comme bou

504 1181 1080 67 leau, couldre, Ozier & autre ſemblable:

507 1246 1079 67 en aultres endroictz les Voiles eſtoièt de cuir

507 1310 1079 69 Puis trouuerent aultres Nauires, dont le fons

507 1375 1077 71 eſtoit en aguiſant, & les voiles de Chanure,

509 1446 1079 65 toutes ſemblables à celles de noſtre pais. Les

514 1509 1065 71 Pilotes ſe recognoiſſoient treſbien aux eſtoi¬

507 1573 490 70 les, & à la mer auſſi.

504 1638 1084 69 *Mais il comptoit, que merueilleuſement ilz

504 1707 1084 67 laymoient, pour ce quil leur donna à cognoi¬

502 1769 1084 70 ſtre comme il failloit vſer de la pierre de Ma

507 1836 1074 74 gnes, de quoy eſtoiẽt ignorãtz au parauãt, pour

504 1901 1082 69 tãt quand ſe mettoient en la mer ceſtoit auec

504 1968 1080 72 craincte, & ne ſi oſoient expoſer fors quaſi

504 2037 1080 67 quau temps deſté, mais maintenant pour la

502 2102 1082 67 confiance quilz ont de ceſte pierre, ils ne crai

507 2169 1072 67 gnent à nauiger, meſmies en yuer, ne ſe ſou¬

500 2233 1084 67 ciantz du peril, affin que ceſte choſe qui eſtoit

502 2300 1077 74 eſtimée par eulx leur eſtre à laduenir vn

1411 2367 158 94 grand
