2843 4289
765 339 1774 100 tres-achevé. Et certes dans ce grand Ouvrage la meſme na¬

772 432 1767 86 t-il pas aſſez fait voir l’étenduë de ſon eſprit dans la force de

765 500 1774 96 ſon imagimation ? Il a celebré des jeux magnifiques ſur le tom¬

765 586 1770 85 beau d’Archemore, comme Virgile en a fait de ſi excellens ſur

765 661 1770 89 celuy d’Anchiſe. La belle Poëſie ſe trouve en l’un & en l’au¬

768 747 1767 78 tre avec tous les charmes que l’invention y peut pretter. Vir¬

768 814 1767 93 gile a deſtiné des journées entieres pour chacun de ſes prin¬

765 897 1770 78 cipaux Heros. Le neuvieſme Livre eſt pour le Prince Aſca¬

772 972 1763 82 gne. Le dixiéme pour Pallas fils d’Evandre & pour Mezence

765 1047 1774 82 dans le parti contraire. L’onziéme Livre eſt pour la guerriere

765 1122 1770 82 Camille. Et le dernier eſt principalement celuy qui décrit avec

761 1200 1774 83 le plus de circonſtances les actions guerrieres des deux premiers

772 1275 1763 86 Heros. N’y a-t-il pas également dans la Thebaïde de Stace

765 1351 1763 78 des Livres entiers deſtinez exprés pour chanter les nobles ex¬

765 1422 1763 89 ploits d’Amphiaraus, de Tydée, de Parthenopée, d’Hippo¬

772 1504 1759 79 medon, de Capanée? Et dans l’onziéme Livre il celebre

765 1576 1763 78 Ie combat entre les deux freres Etheocle & Polynice. Tout

768 1654 1763 79 cela eſt admirable: & ceux qui ne voyent pas ces choſes.

768 1726 1763 82 dans leur jour, ont une vûë fort obſcure, ou du moins bien

765 1801 1752 82 differente de la noſtre. Mais enfin, ſi la raiſon nous favoriſe,

765 1876 1759 82 ceux qui ont dit que la Poëſie de Stace ne conſiſteque dans la

765 1955 1763 82 grandeur des mots, comme ſi d’ailleurs il n’y avoit point de

768 2033 1749 82 genie pour les choſes, ſe ſont grandement trompez, & peut¬

768 2105 1756 82 eſtre que la verſion qui ſe donne ici de l’Achileïde eſt aſſez

765 2183 1752 83 raiſonnable, pour ne trahir point la penſée de ſon original,

761 2255 1760 82 & pour ne faire point de tort à l’eſprit & à la reputation de

765 2330 1756 78 ſon Autheur. Il faudroit n’avoir jamais rien lû de Stace, ou

761 2408 1760 79 ne s’entendre point du tout aux Ouvrages les plus polis des

761 2480 1763 86 Anciens, ſi l’on ne demeure d’accord que celuy-cy eſt de ce

758 2555 1237 79 nombre-là, c’eſt-à-dire du premier ordre.

833 2627 1684 92 Cependant on ſera perſuadé tant qu’on voudra qued’au¬

761 2716 1756 71 tres en feroient bien autant que tout ce que nous avons

750 2780 1763 79 écrit ſur ce ſujet, ſelon toutes les regles qu’il faut obſerver

754 2855 1759 82 dans les Verſions juſtes & fideles: mais ſi j’oſois dire ce que

754 2930 1763 93 j'en penſe, il me ſemble que peu de perſonnes en voudroient

754 3005 1759 93 prendre la peine: Et je ne ſçai pas meſmes, ſans m’en faire

758 3088 1755 82 trop accroire, ſi j’en connois un ou deux qui allaſſent bien

754 3163 1759 82 aiſément au delà. Si ce mot n’eſt pas trouvé bon de ceux qui

758 3241 1763 82 Ie liront, j’en ai du regret: mais je n’y ſçaurois que faire: &

754 3313 1759 93 ma plume ne s’eſt pû diſpenſer de le laiſſer échaper ſur ce

758 3395 1319 104 papier de l’abondance des pensées du cœur.

779 260 50 104 4
