2821 4324
270 385 1760 227 L'ACHILEIDE DE STACE.

501 1113 1432 108 Uſe, raconte-moy les fortunes guerrieres,

509 1199 1464 119 Du magnamime Achile avec ſes armes fieres:

266 1304 1541 97 Sa naiſſance terrible au Roy meſme des Dieux,

277 1398 1591 100 Qui lance le tonnerre & fait trembler les Cieux.

357 1484 1475 108 Bien qu’ailleurs ſa vaillance ait eſté celebrée,

270 1581 1576 101 Par la bouche d’Homere en tous lieux admirée,

270 1675 1349 97 Il nous reſte pourtant ſur un ſi beau ſujet

266 1762 1483 100 Bien des choſes à dire, avec un grand projet.

266 1852 1779 111 Nous irons hardiment, ſans craindre quon nous fruſtre

270 1953 1310 97 Sur les pas aſſeurez de ce Heros illuſtre.

266 2035 1627 108 Mon cœur ſe ſent preſſé dans ce deſſein heureux:

266 2133 1321 101 Et j’éleve ma voix d’un effort genereux,

266 2223 1458 108 Comparable à celuy que fit le Roy d’Itaque,

266 2320 1314 97 Pour le faire ſortir par une forte attaque.

266 2407 1364 104 De Scyre il ſera donc par nos ſoins retiré,

266 2500 1559 101 D’où nous le ferons voir dans la guerre admiré:

266 2590 1328 101 On le reconnoiſtra par une fauſſe joye,

274 2680 1713 108 Traîner le corps d’Hector autour des murs de Troye.

353 2781 1291 90 Admirable Apollon, ſi nous avons tari,

263 2868 1428 90 Le ruiſſeau de Permeſſe à ton cœur ſi cheri,

270 2954 1645 98 Y beuvant à longs traits, fai couler d’autres ondes,

263 3041 1706 108 Pour étancher ma ſoif dans leurs ſources profondes:

263 3142 1501 97 Et couronne mon front de ce ſecond laurier,

263 3235 1356 108 Puiſque tes bois ſacrez, je ne puis oublier.

259 3333 1519 100 Ma Muſe auſſi n'eſt point, de ceux de l’Aonie

263 3415 1374 109 Etrangere ſi fort qu’on l’en tienne bannie:

263 3513 1620 108 Ny ce n’eſt point encor d’aujourd’huy ſeulement,

270 3614 1521 155 Que les bandeaux ſacrez, ont ferré ſaintement.

1612 3693 180 122 A iij

274 853 1747 148 Propoſition de l'Ouvrage avec l'invocation & le compliment à l'Em¬

324 987 444 83 pereur Domitien.

1147 792 36 126 I.

696 673 920 105 LIVRE PREMIER.
