2843 4289
890 3138 1284 110 E Berger phrygien venoit de détacher,

915 3238 1291 96 Son Navire connu de l'Oebale Rocher,

736 3327 1345 104 Apres avoir preſſé l’imprudente Amyclée.

743 3427 1298 89 Il racontoit a tous, de ſa mere troublée

740 3509 1391 111 Le ſonge qu’elle fit, eſtant groſſe de luy,

747 3609 1563 165 Qnand ſa route on marqua par le crime d'autruy,

729 364 1699 118 Ma teſte tout autour, mes cheveux & mes temples,

733 464 1426 100 Dont il ſeroit aiſé d’alleguer des exemples.

733 557 1498 100 L’ample champ de Dircé ne le peut ignorer:

740 646 1391 101 Thebes me conſidere & moze comparer,

729 736 1781 114 Meſme à ſes Fondateurs, tels que fut ce grand homme

733 836 1537 96 Amphion le premier de ceux qu'elle renomme.

822 911 1516 125 Mais vous qu’inceſſamment admire la valeur,

733 1015 1448 103 Grand Prince, qui ſentez la divine chaleur,

733 1100 1355 111 Qui de Grece a paſſé dans la belle Italie,

729 1190 1523 114 Pour chanter les hauts faits où la gloire s’allie,

733 1293 1426 100 Par qui l’on voit fleurir à l’envy les Lauriers

729 1386 1473 100 Des Poëtes fameux, & des braves guerriers:

733 1479 1380 100 (Ie me ſuis affligé que le bruit des Muſettes

733 1561 1773 126 Fuſt quelques-fois moins fort que celuy des trompettes)

733 1669 1337 93 A mon eſprit timide accordez de parler,

736 1758 1549 100 Que dans un nouveau champ, je puiſſe ſignaler

736 1844 1563 111 Ma peine & ma ſueur, pour fournir la carriere,

733 1937 1430 107 D’où la gloire s’éleve avecque la pouſſiere.

736 2030 1577 110 Dans un Ouvrage à part pour vous ſeul deſtiné,

736 2126 1459 97 I’accomplirai mes vœux par un ſoin obſtiné.

736 2219 1506 97 Mais ne pouvant encor me fier à mes forces,

736 2305 1427 103 Ie n’en ébaucherai que les ſimples écorces,

740 2394 1605 111 Avec le grand Achile, où, ſuivant mon ardeur,

736 2498 1577 96 J’éprouverai mes coups devant voſtre grandeur.

740 2584 1280 100 Meſme, pour eſſaver ſi je ſeray capable

740 2673 1659 114 D'un travail dont le poids, le plus ſouvent accable.

801 2988 1652 110 L’origins de la crainte de Thetis, & ce qu’elle dir ſur ce ſuiet. V. 10.

1609 2848 121 82 II.

1058 253 1194 118 STACE L’ACHILEYDE.
