2821 4324
858 223 584 115 LIVRE I.

1962 277 83 112 7

266 324 1479 119 Hellé qui fut noyée, & qui perit dans l’Onde,

266 428 1451 112 Nereïde aujourd’huy dans la vague profonde,

277 518 1295 105 y commandoit alors à des flots odieux,

274 605 1627 126 Quand Thetis effroyée obſervant en maints lieux,

270 699 1569 118 Des Rames frapper l’Onde & tenter la fortune,

270 789 1421 119 En dépit du Trident de l’immenſe Neptune.

274 886 1526 122 (Rarement ſont menteurs les augures de ceux,

274 976 1432 119 A qui l’on doit le jour, ſans eſtre pareſſeux)

274 1070 1778 140 Sans perdre un ſeul moment, s'approchant de la greve,

266 1160 1317 119 De ſon lit ondoyant ſoudain elle ſe leve.

270 1246 1526 134 Et ſes ſœurs avec elle, aux coſtes où Phryxus,

270 1344 1494 126 Avoit ſerré les bords pour ſes deſſeins conçûs.

353 1434 1562 129 La Nymphe avant levé ſa teſte hors de l’Onde,

270 1527 1587 126 Cette flotte, dit-elle, éprouvant l’eau profonde,

270 1617 1591 134 Me fait apprehender quelque accident fâcheux:

266 1715 1541 126 Ie voy bien que Prothée en a connu les nœuds:

266 1801 1393 123 Il me l’avoit bien dit, je le tiens veritable:

266 1891 1310 119 Et rarement de luy ſe debite une Fable.

266 1985 1411 122 Bellone nous ameine un Vaiſſeau de Priam

270 2071 1356 134 Chargé d’une alliance à troubler l’Ocean,

263 2169 1515 129 Avecque les flambeaux d’une nopce nouvelle,

266 2266 1458 126 Qui, ſans doute, feront une grande querelle.

266 2352 1281 127 Ie voy déja l’Egée, & l’Ionique encor,

266 2446 1418 123 Couvertes de vaiſſeaux pour un riche treſor.

270 2536 1411 130 C’eſt peu de voir la Grece entiere conjurée,

281 2630 1378 130 Atrides glorieux, pour vous trop preparée:

270 2724 1382 119 Il faut aller chercher mon Achile par mer,

266 2814 1498 126 Qui voudroit avec eux ſans doute auſſi ramer.

263 2889 1663 159 Helas! pourquoy dés lors qu’il eſtoit dans l’enfance,

263 2997 1493 130 L'avions-nous deſtiné, formant ſon eſperance,

263 3084 1511 140 Dans les antres profonds du haut Mont Pelion,

259 3178 1407 133 Sous un Maiſtre qui ſeul en vaut un milion.

259 3264 1616 155 Là, ſi je ne me trompe, avec beaucoup d’adreſſe,

259 3361 1450 137 Son exercice eſt fort, & s’exerce ſans ceſſe.

259 3451 1346 148 Les Lapithes y ſont, il s'occupe avec eux,

256 3542 1266 160 Portant le javelot d'un pere belliqueux.
