2843 4289
747 218 50 121 8

997 189 1284 132 STACE. L’ACHILEYDE.

972 2698 1402 111 Lle fit ce diſcours, & vit à la meſme heure.

994 2780 1545 140 Le grand Roy de la Mer, qui, l humide demeure

793 2891 1256 122 Quittoit de l’Ocean: ( il le fut viſiter,

801 2980 1276 118 Et ne faiſoit encor ſinon de le quitter )

804 3073 1284 118 Il paroiſſoit ravi de ſa chere admirable,

797 3159 1509 114 De ſon accueil charmant & de ſa bonne table:

804 3256 1434 110 Son viſage eſtoit moite encor de la boiſſon.

808 3348 1373 122 Du Nectar maritime offert par l’Echançon.

808 3431 1587 132 On l’avoit répandu: d’où vint que les Tempeſtes

811 3524 1549 157 Ceſſerent leur courroux au deſſus de nos teſtes:

2381 3606 165 107 Tous

808 2430 1727 118 Deſcription de l'appareil de Neptune retournant de chez l'Ocean. Ce que

840 2509 1430 118 Thetis dit à Neptune, & ce que Neptune luy répond. V. 51.

1587 2262 179 100 III.

743 303 1484 129 O regret! ô douleur! ô craintes trop tardives

750 400 1517 125 Dans le cœur d’une Mere en ces alternatives!

754 500 1652 111 Que je ſuis mal-heureuſe avec tout mon pouvoir,

754 586 1595 121 De faire enfler les eaux, pour noyer leur eſpoir:

758 679 1698 118 Les Vaiſſeaux des Troyens s’expoſant ſur le gouffre,

761 772 1731 125 Au lieu de les ſouffrir, comme encor je les ſouffre!

761 875 1291 111 Ie pouvois un Pirate inceſtueux jetter,

765 961 1555 114 Et mes ſœurs avec moy, dans l’eau précipiter.

761 1054 1595 118 Ie pourrois aujourd’huy la meſme choſe encore,

765 1143 1580 125 Mais le temps d’y penſer eſt paſſé que j’abhorre.

768 1240 1495 118 Toute l’injure eſt faite, il faut pourtant aller,

768 1329 1313 122 Et l’orage évité, s’il ſe peut, rappeller,

761 1422 1477 118 Ie le veux demander à toutes les Puiſſances,

768 1515 1467 114 A qui doivent auſſi les mers leurs violences.

772 1608 1284 111 Ie baiſerai les mains du ſecond Iupiter,

776 1697 1401 122 Ce qui me reſte à faire afin de m'acquiter:

779 1790 1352 125 Ie l’en conjurerai par les longues années,

779 1880 1384 117 De la vieille Tethis touſiours ſi fortunées,

779 1980 1341 107 Et par Nerée encor mon Pere ſi chenu,

786 2073 1363 132 A qui ce que je dis ſera touſiours connu.
