3456 4677
819.0 1508.0 249.0 78.0 Lausa li

823.0 1590.0 245.0 70.0 beralita¬

819.0 1668.0 245.0 70.0 te in do¬

815.0 1746.0 249.0 74.0 ctos vi¬

826.0 1827.0 145.0 78.0 0S.

815.0 2018.0 214.0 74.0 Lausa

811.0 2089.0 265.0 81.0 bõis for¬

838.0 2174.0 234.0 82.0 tune &

826.0 2248.0 250.0 82.0 Animi.

1092.0 760.0 1490.0 175.0 Magnifico viro  ſigiſmũdo

1057.0 939.0 1583.0 117.0 longe proferas. Vereor tecum tam rudi verborum cõ¬

1072.0 1025.0 1580.0 105.0 textu. diſceptare: quid enim Auribus tuis terſiſſimis in¬

1072.0 1102.0 1580.0 114.0 ſpirari poterit: niſi quod ingenio politum /induſtria ela

1072.0 1180.0 1584.0 110.0 boratum: eloquio concinnatum fuieri. Sed quia me ſæ¬

1088.0 1254.0 1572.0 114.0 pius audiuiſti: & nunc patiare quæſo rudis Adoleſcen¬

1088.0 1332.0 1568.0 113.0 tuli garrulas voces Multum honoris & vere glorie tibi

1088.0 1414.0 1576.0 106.0 debeo: qui me in poetico triumpho theatra ouatione

1096.0 1496.0 1548.0 94.0 tua preſidentia plurimum decoraſti:  humanus & 

1096.0 1570.0 1564.0 98.0 liberalis Magnificuſ ſis in doctos ac Eloquentes ho¬

1096.0 1648.0 1564.0 94.0 mines: edita tuarum laudum opera:fidem & teſtimoni

1096.0 1726.0 1568.0 94.0 um de te prebuerunt: Dignitatis enim cumulus: qui

1088.0 1796.0 1583.0 102.0 te magnum & glorioſum vbi facit: Plures eruditos

1096.0 1874.0 1579.0 102.0 ad te Amandum: Colendum: Obſeruandum trahit. Il¬

1096.0 1952.0 1579.0 101.0 lud in primis admirationis quiddam preſe fert: ꝙin tã

1111.0 2030.0 1564.0 105.0 proſpero fortuno ſucceſſu. tam fecunda rerum affluẽ

1115.0 2108.0 1560.0 97.0 tia poſitus: tamen Sordidioris Cõditionis homines nõ

1119.0 2186.0 1560.0 97.0 faſtidis O animi bonum excellentiſſimum. quo te ſum

1115.0 2260.0 1572.0 101.0 mus Tonans donauit: & q̊ tibi Mortales Innumeros de

1115.0 2338.0 1576.0 101.0 uincis. Sic velim: exiſtimes philomuſum tibi fore dedi¬

1119.0 2420.0 1576.0 97.0 tiſſimum: cuius olim thalia Ipſis poſteris tuam dicabit

1119.0 2498.0 1580.0 109.0 gloriam: Tituli tui Candorem multis ſæculis cõſecra¬

1103.0 2572.0 1588.0 113.0 bit Annos egimꝰ vna iucũdiſſimos: plures adhuc agemꝰ

1115.0 2665.0 1592.0 90.0 Cum hoc culmen aſcenderis: quod tibi a pluribus vati¬

1115.0 2739.0 1584.0 102.0 cinatum eſt. Fac igitur Mi ſigiſmunde, vt philomuſus

1115.0 2817.0 1584.0 98.0 ſub alis tuis poſitus ab omni liuentium rabie tutiſſimꝰ

1115.0 2899.0 1592.0 98.0 ſiet. Vale. Accipe manibus tuis deditiſſimum manci¬

1123.0 3001.0 199.0 85.0 pium

1728.0 2981.0 179.0 86.0 Vale

1318.0 3129.0 1279.0 144.0 Ad eundem Epigrãma

1150.0 3250.0 1280.0 109.0 Vt pij lades quondam fidum dilexit Oreſtem
