2821 4324
829 219 577 130 LIVRE I.

1976 306 62 158 9

277 335 1642 122 Tous les bruſques Tritons armez de leurs Cornets,

274 446 1356 98 Chanterent doucement de raviſſans motets.

270 536 1544 101 Avec les tons de voix des Monſtres maritimes,

274 634 1544 97 De tous ceux des Ecueils & des humides cimes.

270 724 1631 104 Les troupeaux de la mer Tyrrheenne y dançoient,

270 817 1735 105 Antour du Roy de l’onde, où mille en l’air ſautoient.

270 908 1703 111 Luy, découvrant ſa gloire au deſſus des eaux calmes,

266 998 1397 104 Les faiſoit nettoyer de ſes humides palmes.

266 1088 1364 108 Il y faiſoit courir ſes merveilleux chevaux,

266 1185 1534 97 Les touchant du trident dont il émeut les eaux:

266 1275 1523 108 Ils faiſoient boüillonner de leur large poitrine,

274 1369 1490 101 Tous les flots écumeux où ſouffle leur narine:

266 1455 1696 116 De leurs pieds de devant, ils parrageoient les eaux:

266 1549 1678 112 Et de leur grande queuë, ils faiſoient des traineaux.

266 1643 1357 104 En cet état Thetis avant trouvé Neptune,

266 1736 1498 108 Luy conta ſa diſgrace, & ce qui l’importune.

349 1826 1674 116 Roy, dit-elle, de l’Onde, ô grand Dieu de la Mer:

270 1920 1295 108 Voyez à quel uſage on met le flot amer.

263 2010 1508 108 Les crimes de la terre y vont à pleines voiles,

263 2100 1461 119 Depuis que de laſon la Nef, ſans les Etoiles,

266 2190 1303 108 Partit de Theſſalie, allant conquerir l’or.

263 2284 1378 108 De la riche Toiſon qui fut un grand trefor.

266 2370 1599 119 Voilà les droits choquez de voſtre illuſtre Empire.

266 2464 1425 115 Voicy ce qu’on a vû d’un ſemblable Navire.

263 2565 1284 105 Le temeraire Arbitre eniployé ſur Ida,

263 2655 1490 108 Sur ſes Vaiſſeaux emporte un vol qui le guida.

263 2742 1136 104 Ouand l’hoſpitalité ſe trouva violée

263 2835 1190 105 Par la temerité d’une amour ſignalée.

263 2922 1573 122 Ah! quels ſoûpirs au Ciel, en la terre & par tout,

263 3019 1335 108 Cela doit-il porter de l’un à l’autre bout!

263 3113 1576 115 Combien|de grands regrets à ma ſeule perſonne!

266 3203 1620 122 C’eſt ainſi qu’aux Amis un grand eſpoir on donne:

266 3300 1454 115 Et que les Phrvgiens par nos ſoins prévenus,

266 3394 1386 112 Auront ſi bien payé nos travaux reconnus!

266 3477 1498 119 Ne ſont-ce pas des tours de Venus Cytherée,

266 3578 1469 144 Qui nous reconnoiſt tant de la plage étherée?

1742 3682 54 97 B
